1878 3054
706 134 828 175 mn.
869 136 909 174 1.
952 122 1128 175 19-22
1643 110 1714 163 33

335 263 631 315 Caecubum
654 268 708 312 et
731 265 872 328 prelo
900 266 1147 314 domitam
1184 263 1378 314 Caleno

335 331 416 382 Tu
438 332 582 380 bibes
605 347 790 380 uvam:
828 347 943 380 mea
967 349 1060 381 nec
1087 334 1332 382 Falernae
1652 333 1715 382 10

333 398 643 464 Temperant
667 400 801 447 vites
826 415 987 463 neque
1015 400 1280 450 Formiani

539 467 734 516 Pocula
769 467 937 516 colles,

839 631 998 680 XXI.

329 721 552 773 Dianam
576 727 780 772 tenerae
806 724 958 772 dicite
984 725 1228 788 virgines,

330 790 620 850 Intonsum‚
649 792 807 854 pueri,
836 792 990 840 dicite
1019 793 1320 855 Cynthium,

465 858 823 921 Latonamque
861 874 1098 923 supremo

533 926 789 974 Dilectam
825 928 1033 991 penitus
1069 928 1105 977 J
1110 927 1206 976 ovi.

328 992 442 1042 Vos
465 993 652 1042 laetam
678 993 849 1042 fluviis
876 1000 929 1043 et
952 1011 1216 1044 nemorum
1242 1011 1404 1056 coma,
1679 994 1710 1043 5

330 1061 691 1124 Quaecumque
719 1067 808 1110 aut
835 1064 1004 1125 gelido
1028 1064 1282 1127 prominet
1305 1063 1519 1129 Algido,

466 1128 644 1192 Nigris
683 1135 773 1178 aut
812 1130 1124 1194 Erymanthi

533 1197 691 1246 Silvis
729 1203 820 1246 aut
859 1199 1039 1247 viridis
1078 1199 1263 1262 Cragi;

331 1263 444 1313 Vos
469 1264 660 1329 Tempe
686 1266 906 1314 totidem
931 1267 1095 1315 tollite
1121 1268 1360 1316 laudibus

329 1331 686 1396 Natalemque,
715 1349 898 1394 mares,
927 1334 1094 1382 Delon
1120 1335 1397 1398 Apollinis,
1648 1334 1707 1383 10

464 1400 834 1464 Insignemque
869 1402 1110 1466 pharetra

533 1469 885 1533 Fraternaque
923 1470 1193 1519 humerum
1227 1471 1356 1535 lyra.

331 1534 434 1585 Hic
458 1536 647 1585 bellum
674 1537 1015 1597 lacrimosum,
1044 1538 1128 1587 hic
1152 1539 1391 1587 miseram
1416 1539 1601 1587 famem

332 1602 642 1668 Pestemque
669 1620 700 1653 a
724 1606 913 1669 populo
939 1610 991 1654 et
1014 1607 1242 1670 principe
1271 1606 1490 1656 Caesare
1515 1607 1569 1655 in

466 1671 655 1721 Persas
694 1679 847 1736 atque
885 1673 1164 1722 Britannos
1645 1672 1705 1721 15

534 1739 726 1788 Vestra
762 1745 934 1788 motus
972 1747 1092 1804 aget
1126 1756 1289 1805 prece.

823 1905 1010 1954 XXII.

330 1993 541 2059 Integer
566 1996 704 2045 vitae
732 1998 1038 2062 scelerisque
1063 2014 1224 2063 purus

332 2061 452 2111 Non
477 2069 598 2127 eget
623 2064 821 2113 Mauris
840 2066 1028 2128 jaculis
1055 2082 1216 2130 neque
1243 2083 1377 2129 arcu,

329 2128 440 2179 Nec
465 2132 734 2180 venenatis
763 2134 982 2195 gravida
1008 2135 1231 2198 sagittiS‚

534 2198 714 2259 Fusce,
756 2200 1015 2264 pharetra,

334 2263 457 2314 Sive
482 2281 571 2330 per
597 2266 782 2331 Syrtes
810 2268 907 2317 iter
931 2274 1215 2331 aestuosaS,
1672 2275 1703 2324 5

334 2331 454 2382 Sive
479 2333 707 2383 facturus
736 2351 827 2399 per
851 2336 1215 2401 inhospitalem

334 2399 636 2463 Caucasum,
667 2404 748 2452 vel
776 2421 906 2468 quae
932 2405 1044 2453 loca
1068 2406 1333 2455 fabulosus

535 2471 745 2521 Lambit
785 2473 1075 2537 Hydaspes,

331 2537 568 2604 Namque
594 2557 674 2591 me
703 2543 833 2591 silva
857 2543 1011 2605 lupus
1036 2541 1088 2589 in
1118 2540 1322 2601 Sabina,

332 2606 468 2656 Dum
495 2625 661 2659 meam
688 2619 838 2661 canto
866 2612 1097 2674 Lalagen
1124 2614 1176 2658 et
1200 2610 1336 2657 ultra
1637 2610 1698 2659 10

330 2673 627 2728 Tei-minum
654 2683 787 2729 curis
814 2696 975 2743 vagor
999 2678 1266 2743 expeditis,

535 2747 694 2810 Fugit
731 2749 1006 2797 inermem:

171 2859 215 2895 10
234 2863 320 2898 tum
340 2876 359 2900 e
378 2864 479 2900 coni.
535 2866 556 2901 5
576 2877 730 2903 comam
787 2867 833 2903 16
853 2867 940 2914 agit
993 2865 1016 2902 2
1039 2864 1174 2902 Mauri
1227 2866 1250 2902 2
1270 2876 1341 2902 nec
1396 2863 1442 2899 11
1463 2861 1678 2913 expeditus

381 2927 488 2969 Hor.
509 2927 535 2968 8
