1878 3054
205 171 278 223 54
669 180 911 220 HORA'H
955 177 1302 219 cARfflNVM

477 313 721 372 Maturet,
760 312 814 358 in
850 316 1110 373 comptum
1147 309 1414 357 Lacaenae

544 380 690 427 More
727 394 899 427 comas
934 378 1155 439 religata
1190 375 1395 423 nodum.

927 579 1057 628 XII.

415 697 566 748 Nolis
589 697 746 759 longa
772 696 905 743 ferae
930 693 1063 742 bella
1086 691 1415 751 Numantiae,

415 765 525 814 Nec
550 765 732 812 durum
757 761 1116 818 Hannibalem,
1145 774 1236 807 nec
1261 758 1488 807 Siculum
1511 771 1652 805 mare

418 833 592 880 Poeno
615 843 928 893 purpureum
954 827 1219 889 sanguine,
1245 825 1483 873 mollibus

553 896 740 959 Aptari
778 895 1003 943 citharae
1039 893 1221 951 modis,

418 964 529 1013 Nec
555 977 735 1011 saevos
761 961 1026 1024 Lapithas,
1052 966 1105 1007 et
1127 957 1340 1007 nimium
1367 972 1510 1006 mero
1749 962 1778 1007 5

423 1031 698 1093 Hylaeum,
726 1029 1042 1090 domitosque
1069 1026 1323 1074 Herculea
1346 1039 1504 1073 manu

422 1097 638 1146 Telluris
666 1098 896 1158 juvenes,
934 1094 1068 1141 unde
1103 1092 1408 1155 periculum,

556 1164 783 1225 Fulgens
819 1160 1123 1210 contremuit
1158 1160 1341 1207 domus

426 1230 633 1279 Saturni
659 1228 875 1290 veteris;
911 1233 1066 1290 tuque
1090 1225 1410 1290 pedestribus

423 1298 578 1345 Dices
614 1296 840 1344 historiis
875 1294 1067 1357 proelia
1106 1293 1357 1351 CaesariS,
1721 1293 1780 1341 10

422 1364 709 1421 Maecenas,
735 1362 932 1420 melius,
959 1361 1210 1422 ductaque
1234 1373 1326 1422 per
1349 1357 1463 1406 vias

558 1431 763 1492 Regum
799 1429 929 1477 colla
962 1427 1246 1474 minacium.

423 1497 510 1545 Me
535 1497 706 1545 dulces
732 1496 965 1543 dominae
992 1493 1146 1541 Musa
1170 1491 1469 1555 Licymniae

425 1563 636 1621 CantuS,
663 1578 741 1610 me
767 1562 932 1609 voluit
958 1561 1123 1608 dicere
1148 1559 1373 1606 lucidum

424 1631 704 1693 Fulgentes
729 1629 899 1677 oculos
924 1632 977 1675 et
1002 1628 1129 1674 bene
1155 1626 1348 1673 mutuis
1726 1626 1784 1674 15

562 1697 747 1744 Fidum
783 1700 960 1758 pectus
998 1693 1254 1741 amoribus
1272 1706 1289 1753 ;·

426 1764 591 1825 Quam
617 1779 707 1811 nec
733 1763 860 1810 ferre
882 1762 1064 1825 pedem
1092 1759 1326 1807 dedecuit
1352 1757 1536 1819 choris,

425 1830 535 1878 Nec
559 1835 749 1877 certare
777 1830 892 1890 Joco
917 1843 1009 1876 nec
1036 1827 1156 1874 dare
1180 1825 1416 1873 bracchia

425 1897 711 1946 Ludentem
735 1895 908 1943 nitidis
932 1893 1221 1956 virginibus
1245 1907 1389 1940 sacro

562 1963 758 2010 Dianae
796 1962 1005 2009 celebris
1043 1961 1138 2008 die.
1724 1957 1786 2004 20

421 2030 561 2078 Num
584 2034 641 2076 tu
666 2044 794 2090 quae
819 2028 983 2075 tenuit
1009 2027 1154 2074 dives
1181 2026 1551 2085 Achaemenes,

425 2097 536 2143 Aut
559 2096 764 2158 pinguis
791 2094 1052 2156 Phrygiae
1081 2092 1397 2155 Mygdonias
1422 2107 1544 2156 opes

425 2162 721 2211 Permutare
758 2161 887 2208 velis
926 2160 1062 2207 crine
1102 2158 1415 2221 Licymniae,

560 2229 747 2276 Plenas
785 2232 874 2275 aut
911 2226 1147 2275 Arabum
1185 2226 1377 2282 domos,

425 2295 563 2344 Dum
590 2295 859 2356 flagrantia
883 2294 1157 2355 detorquet
1183 2292 1247 2339 ad
1273 2292 1447 2338 oscula
1724 2290 1786 2336 25

428 2362 703 2419 Cervicem,
731 2366 821 2408 aut
847 2360 980 2407 facili
1007 2359 1227 2406 saevitia
1251 2362 1406 2419 negat

426 2429 567 2490 Quae
591 2433 831 2490 poscente
857 2427 1022 2488 magis
1051 2425 1273 2487 gaudeat
1297 2424 1437 2486 eripi,

559 2494 823 2542 Interdum
860 2508 1034 2555 rapere
1071 2490 1321 2554 occupet?

302 2638 350 2675 23
363 2637 622 2685 incomptum,
641 2635 884 2683 incomptam
974 2633 1024 2668 24
1037 2643 1188 2669 comam
1282 2632 1332 2667 24
1345 2631 1449 2667 nodo
1536 2632 1559 2669 2
1575 2633 1705 2670 dirum

387 2689 413 2724 4
431 2690 570 2735 aptare
672 2685 718 2720 10
739 2685 866 2721 disces
969 2683 1016 2718 12
1034 2681 1275 2718 minantium
1377 2682 1424 2718 13
1443 2681 1570 2719 duleis

602 2735 651 2772 25
670 2746 759 2774 cum
1154 2731 1203 2768 28
1222 2734 1391 2781 occupat
