1878 3054
665 153 790 193 mn.
830 154 929 194 111.
971 142 1150 194 13-15

379 286 668 350 'Virginum
692 291 883 335 matres
901 289 1254 353 Juvenumque
1281 304 1444 354 nuper

387 354 666 418 Sospitu'm.
739 354 865 414 Vos,
895 371 924 403 o
947 356 1093 419 pueri
1119 362 1172 404 et
1196 358 1396 419 puellae

384 423 421 472 J
425 438 509 471 am
535 422 698 469 virum
729 428 983 485 expertae,
1012 423 1142 471 male
1170 425 1414 473 ominatis

655 490 861 537 Parcite
891 491 1076 539 verbis

385 557 488 606 Hic
512 557 622 605 dies
648 572 765 605 vere
794 557 920 605 mihi
947 559 1110 607 festus
1137 565 1275 608 atras

384 625 593 673 Eximet
618 639 766 673 curas
787 643 799 687 3
837 641 935 689 ego
963 642 1054 675 nec
1079 628 1359 676 tumultum

383 691 495 741 Nec
519 693 647 740 mori
671 707 762 756 per
785 692 889 740 vim
915 699 1157 755 metuam,
1185 700 1391 745 tenente

657 760 878 809 Caesare
905 765 1083 811 terras.

384 826 428 887 I,
453 831 932 891 peteunguentum,
959 845 1097 893 puer,
1125 835 1177 878 et
1202 846 1417 879 coronas

383 892 457 943 Et
480 895 662 943 cadum
689 896 855 944 Marsi
881 912 1159 946 memorem
1186 899 1356 959 duelli,

386 961 693 1027 Spartacum
720 965 764 1011 si
791 979 894 1027 qua
919 965 1089 1028 potuit
1114 971 1391 1029 vagantem

652 1031 851 1079 Fallere
879 1037 1029 1082 testa.

386 1096 485 1146 Dic
509 1102 563 1146 et
587 1103 801 1162 argutae
827 1105 1066 1163 properet
1091 1100 1323 1150 Neaerae

380 1164 648 1214 Murreum
673 1167 807 1215 nodo
835 1167 1070 1216 cohibere
1097 1169 1322 1232 crinem3

383 1231 438 1280 Si
463 1247 556 1296 per
578 1234 806 1282 invisum
833 1250 978 1283 mora
995 1237 1273 1298 janitorem

652 1301 784 1361 Fiet,
815 1303 969 1353 abito,

382 1366 538 1416 Lenit
562 1368 826 1418 albescens
855 1372 1056 1419 animos
1083 1372 1299 1434 capillus

382 1433 581 1483 Litium
605 1441 658 1484 et
683 1437 824 1485 rixae
853 1440 1068 1502 cupidos
1093 1444 1393 1503 protervae3

381 1499 503 1550 Non
525 1518 623 1567 ego
649 1503 745 1552 hoc
770 1505 951 1553 ferrem
978 1507 1174 1555 calidus
1190 1509 1422 1570 juventa,

656 1571 879 1621 Consule
907 1573 1114 1623 Planco,

837 1757 960 1806 XV.

313 1856 465 1907 Uxor
486 1859 728 1922 pauperis
749 1860 912 1923 Ibyci,

381 1925 613 1974 Tandem
640 1928 898 1990 nequitiae
925 1928 1022 1992 fige
1049 1930 1257 1979 modum
1282 1936 1402 1980 tuae

314 1990 653 2057 Famosisque
679 1994 970 2045 laboribus:

378 2059 586 2109 Maturo
611 2062 821 2124 propior
847 2063 1024 2112 desine
1052 2065 1216 2113 funeri

310 2125 456 2176 Inter
478 2127 650 2177 ludere
680 2130 923 2193 virgineS,

379 2194 451 2243 Et
474 2196 637 2244 stellis
664 2197 904 2246 nebulam
931 2214 1171 2263 spargere
1197 2201 1444 2250 candidis.

309 2259 445 2321 Non,
473 2263 516 2310 si
542 2263 665 2326 quid
693 2264 922 2314 Pholoen
949 2268 1092 2326 satiS,

377 2329 448 2378 Et
472 2335 536 2389 te,
567 2330 758 2390 Chlori,
788 2334 959 2383 decet:
1000 2335 1101 2383 filia
1125 2337 1315 2384 rectius

309 2395 590 2460 Expugnat
606 2400 854 2460 juvenum
883 2402 1077 2462 domos,

377 2464 534 2513 Pulso
561 2466 760 2529 Thyias
787 2469 860 2516 uti
888 2470 1090 2519 concita
1113 2476 1377 2534 tympano.

305 2529 455 2579 Illam
482 2533 622 2595 cogit
648 2550 791 2582 amor
817 2535 980 2584 Nothi

376 2597 629 2648 Lascivae
657 2602 874 2650 similem
903 2604 1078 2653 ludere
1105 2620 1346 2669 capreae:

305 2662 378 2711 Te
404 2666 549 2714 lanae
574 2683 730 2730 prope
758 2671 978 2719 nobilem

375 2732 576 2781 'fonsae
603 2735 890 2797 Luceriam,
920 2754 1021 2786 non
1047 2739 1292 2798 citharae,
1320 2740 1515 2796 decent,

1627 142 1698 199 79

1633 357 1694 407 10

1630 698 1689 745 15

1626 1037 1689 1083 20

1626 1375 1687 1422 25

1625 2481 1686 2529 10

80 2838 125 2876 11
147 2839 256 2879 haud
271 2844 403 2883 virum
418 2859 438 2884 e
450 2849 567 2894 coni„
583 2850 805 2887 nominatis
862 2852 907 2887 14
924 2852 1072 2899 exiget,
1089 2853 1221 2900 exigit
1273 2853 1321 2888 22
1337 2854 1568 2889 muri-heum
1582 2855 1685 2903 edd„

610 2913 840 2959 myrrheum
862 2914 951 2951 edd.
1006 2917 1028 2951 2
1048 2926 1152 2965 pone
