1878 3054
242 180 347 232 116
750 192 991 231 HORA'H
1031 192 1286 231 EronoN

377 323 452 372 At
476 339 590 372 cum
614 323 841 372 tonantis
868 339 1030 371 annus
1056 323 1297 372 hibernus
1322 324 1358 373 J
1361 325 1474 372 ovis

444 391 641 439 Imbres
678 391 920 453 nivesque
957 396 1230 454 comparat,
1736 392 1798 441 30

379 457 490 506 Aut
514 458 677 505 trudit
703 473 842 505 acres
870 458 985 505 hinc
1009 463 1060 505 et
1085 458 1202 506 hinc
1225 459 1388 506 multa
1411 474 1534 507 cane

446 525 616 586 Apros
653 525 705 571 in
742 525 1004 572 obstantes
1040 525 1236 588 plagaS,

254 585 289 607 “³
379 590 490 639 Aut
526 582 676 658 amite
713 578 831 652 Legi]
847 607 961 639 rara
994 592 1158 639 tendit
1192 591 1334 651 retia,

447 658 632 706 Turdis
667 651 906 706 edacibus
942 659 1100 717 dolos,
1129 704 1134 717 ,
1304 688 1306 693 -
1385 706 1396 713 ,7
1827 659 1878 714 “‘f

381 722 733 839 Pavidunzque
751 710 969 797 lepoiem
988 731 1041 773 et
1057 726 1306 791 advenam
1323 709 1702 798 laqueolgruem
1734 731 1795 777 35
1842 715 1853 762 '—
1874 716 1878 719 ¹

446 792 480 839 J
487 807 615 839 ucun
655 808 685 839 a
721 798 892 855 captat
925 793 1164 855 praemia.
1296 821 1297 825 =
1342 802 1481 811 *³²⁹*

381 859 509 920 Quis
534 874 635 906 non
659 860 922 917 malarum,
951 875 1079 922 quas
1105 874 1248 908 amor
1271 874 1419 907 curas
1443 859 1610 921 habet,

448 927 590 973 Haec
625 927 756 974 inter
791 925 1146 975 obliviscitur?

381 993 528 1054 Quod
554 993 598 1040 si
623 993 805 1056 pudica
830 993 1009 1041 mulier
1032 994 1084 1040 in
1108 997 1305 1056 partem
1333 995 1483 1056 Juvet

447 1060 667 1107 Domum
706 1065 856 1123 atque
893 1060 1064 1108 dulces
1100 1061 1298 1119 liberos,
1736 1064 1798 1109 40

381 1125 572 1175 Sabina
596 1127 760 1189 qualis
787 1133 875 1175 aut
899 1132 1108 1190 perusta
1133 1127 1327 1176 solibus

447 1194 839 1242 Pernicisuxor
876 1194 1050 1257 Apuli,

381 1259 592 1309 Sacrum
618 1262 838 1308 vetustis
863 1265 1093 1309 exstruat
1116 1261 1274 1324 lignis
1299 1261 1467 1310 focum

446 1328 597 1376 Lassi
633 1328 727 1375 sub
764 1329 1041 1376 adventum
1078 1328 1189 1386 viri,
1283 1344 1285 1346 ·

379 1393 734 1458 Claudensque
760 1395 914 1443 textis
938 1395 1162 1443 cratibus
1186 1395 1380 1443 laetum
1402 1411 1557 1459 pecus
1737 1398 1798 1444 45

445 1462 682 1510 Distenta
719 1462 874 1510 siccet
909 1462 1077 1520 ubera,

376 1528 447 1577 Et
473 1529 631 1576 horna
656 1529 789 1576 dulci
817 1529 937 1576 vina
961 1543 1197 1592 promens
1222 1528 1357 1577 dolio

444 1596 615 1658 Dapes
650 1596 903 1658 inemptas
939 1601 1182 1659 apparet:

376 1661 496 1710 Non
521 1678 602 1710 me
630 1663 854 1711 Lucrina
883 1663 1112 1724 juverint
1136 1661 1403 1726 conchylia

444 1730 683 1792 Magisve
720 1730 966 1777 rhombus
1001 1735 1091 1778 aut
1126 1730 1269 1789 scari,
1732 1732 1797 1780 50

379 1795 433 1845 Si
469 1812 597 1859 quos
635 1797 758 1844 Eois
797 1797 1028 1844 intonata
1064 1796 1300 1845 fluctibus

328 1923 330 1925 ‚
448 1863 663 1927 Hiemps
702 1864 766 1911 ad
808 1863 902 1911 hoc
939 1869 1105 1911 vertat
1139 1879 1311 1925 mare3

374 1929 494 1978 Non
519 1930 648 1978 Afra
674 1931 784 1978 avis
812 1931 1088 1979 descendat
1111 1931 1166 1978 in
1190 1934 1422 1979 ventrem
1446 1945 1631 1993 meum,

441 1998 560 2045 Non
597 2003 807 2059 attagen
844 1998 1050 2045 Ionicus

375 2064 411 2112 J
415 2065 674 2122 ucundior,
702 2079 856 2126 quam
882 2065 1013 2112 lecta
1037 2065 1099 2112 de
1123 2064 1479 2127 pinguissimis
1729 2066 1792 2112 55

444 2130 595 2178 Oliva
630 2132 785 2178 ramis
822 2132 1075 2188 arborum,

374 2197 485 2245 Aut
510 2198 666 2245 herba
690 2197 886 2260 lapathi
911 2203 1060 2260 prat-a
1085 2197 1318 2257 amantis,
1344 2201 1397 2245 et
1419 2197 1566 2260 gravi

446 2265 650 2312 Malvae
688 2265 916 2311 salubres
951 2265 1159 2327 corpori,

374 2331 471 2379 Vel
499 2346 632 2393 agna
658 2331 800 2378 festis
826 2346 974 2378 caesa
1000 2330 1386 2390 Terminalibus,

441 2399 540 2445 Vel
577 2398 772 2445 haedus
808 2403 1010 2460 ereptus
1045 2398 1176 2459 lupo.
1729 2399 1790 2445 60

376 2465 488 2512 Has
515 2465 645 2512 inter
669 2465 845 2527 epulas
871 2469 929 2512 ut
956 2466 1108 2526 juvat
1131 2468 1310 2526 pastas
1336 2477 1460 2512 oves

441 2532 631 2579 Videre
667 2536 998 2594 properantes
1035 2531 1257 2589 domum,

374 2598 562 2646 ‘Videre
590 2599 751 2645 fessos
777 2613 1030 2645 vomerem
1056 2599 1314 2645 inversum
1337 2597 1498 2645 boves

442 2664 586 2712 00110
622 2665 882 2712 trahentes
917 2665 1176 2726 languido,

374 2731 677 2794 Positosque
703 2746 900 2789 vernas,
928 2732 1050 2778 ditis
1074 2746 1286 2778 examen
1310 2730 1506 2791 domus,
1726 2731 1786 2777 65

442 2798 646 2847 Circum
683 2798 971 2845 renidentes
1008 2796 1238 2845 Lares1''

707 2889 755 2927 39
774 2889 872 2938 quid
891 2889 926 2926 si
1051 2890 1099 2927 43
1119 2900 1274 2927 sacrum
1299 2891 1340 2927 et
