1878 3054
707 148 832 189 mn.
871 149 941 188 11.
987 136 1067 201 19,
1097 136 1168 188 20

422 281 799 346 Nymphasque
837 282 1105 341 discentes,
1145 287 1197 330 et
1236 298 1384 331 aures

490 350 835 413 Capripedum
874 349 1179 412 Satyrorum
1217 356 1408 399 acutas.

353 415 526 466 Euoei
563 417 749 466 recenti
789 433 935 465 mens
972 418 1196 481 trepidat
1231 423 1388 478 metu,

354 482 617 548 Plenoque
653 485 844 533 Bacchi
881 490 1086 547 pectore
1125 485 1390 534 turbidum

420 550 695 601 Laetatur!
768 552 942 601 Euoei
979 568 1143 616 parce,
1183 553 1352 612 Liber,

489 619 663 678 Parce,
703 620 851 683 gravi
889 621 1159 669 metuende
1195 619 1407 684 thyrso!

350 684 456 734 Fas
490 688 783 750 pervicaces
819 692 901 736 est
938 688 1063 735 mihi
1103 688 1386 751 Thyiadas,

349 753 577 818 Vinique
613 755 820 816 fontem,
859 756 1008 804 lactis
1044 756 1312 814 etuberes

417 821 640 871 Cantare
676 823 828 882 rivos,
868 828 1021 886 atque
1058 823 1256 871 truncis

483 889 658 954 Lapsa
693 892 832 939 cavis
870 892 1054 939 iterare
1090 892 1257 951 mella,

347 956 454 1005 Fas
487 963 541 1006 et
579 959 756 1006 beatae
794 959 1024 1022 conjugis
1063 959 1294 1007 additum

347 1023 521 1074 Stellis
558 1025 816 1086 honorem,
856 1031 1093 1090 tectaque
1132 1026 1351 1075 Penthei

413 1092 641 1154 DisJecta
676 1109 778 1142 non
813 1094 916 1142 leni
952 1096 1115 1152 ruina,

482 1160 698 1209 Thracis
734 1167 786 1210 et
822 1162 1038 1210 exitium
1077 1162 1318 1225 Lycurgi.

346 1226 425 1275 Tu
452 1227 614 1276 flectis
640 1244 831 1289 amnes,
861 1235 918 1277 tu
944 1245 1082 1278 mare
1109 1230 1402 1289 barbarum,

345 1294 426 1343 Tu
463 1297 714 1358 separatis
752 1298 944 1345 uvidus
981 1297 1032 1345 in
1060 1298 1205 1360 jugis

411 1362 563 1411 Nodo
600 1367 797 1412 coerces
838 1365 1074 1427 viperino

478 1430 808 1480 Bistonidum
847 1433 957 1480 sine
994 1433 1171 1480 fraude
1209 1433 1409 1494 crines;

344 1496 438 1556 Tu,
475 1513 591 1546 cum
627 1500 859 1562 parentis
898 1514 1059 1562 regna
1093 1515 1183 1563 per
1220 1500 1436 1549 arduum

345 1565 542 1615 Cohors
580 1566 863 1630 Gigantum
902 1568 1170 1615 scanderet
1206 1567 1378 1631 impia,

411 1632 672 1682 Rhoetum
709 1635 966 1683 retorsisti
1005 1635 1168 1683 leonis

478 1699 753 1764 Unguibus
792 1702 1123 1765 horribilique
1161 1702 1326 1751 mala:

343 1767 668 1832 Quamquam
705 1770 905 1818 choreis
943 1770 1108 1834 aptior
1142 1775 1194 1817 et
1221 1770 1354 1832 Jocis

343 1834 593 1899 Ludoque
629 1837 812 1895 dictus,
853 1852 957 1885 non
994 1842 1075 1884 sat
1111 1838 1327 1885 idoneus

410 1902 624 1966 Pugnae
660 1905 921 1962 ferebaris
960 1905 1050 1952 sed
1085 1904 1219 1952 idem

479 1970 631 2019 Pacis
666 1987 781 2020 eras
820 1972 1117 2035 mediusque
1154 1971 1286 2020 belli.

343 2036 416 2086 Te
454 2038 585 2086 vidit
618 2039 794 2088 insons
834 2039 1085 2089 Cerberus
1122 2054 1277 2087 aureo

343 2104 515 2154 Cornu
551 2106 805 2166 decorum,
845 2107 1027 2155 leniter
1065 2103 1291 2155 atterens

411 2171 659 2232 caudam,
698 2181 750 2222 et
787 2174 1070 2223 recedentis
1107 2174 1343 2237 trilingui

477 2238 578 2288 Ore
613 2242 770 2305 pedes
807 2242 1081 2306 tetigitque
1119 2256 1281 2290 crura.

861 2441 989 2490 XX.

342 2541 461 2591 Non
498 2544 692 2593 usitata
727 2561 819 2594 nec
855 2546 996 2593 tenui
1034 2545 1163 2593 ferar

342 2608 521 2658 Penna
556 2612 788 2660 biformis
825 2628 914 2675 per
951 2613 1197 2675 liquidum
1237 2611 1445 2659 aethera

407 2676 586 2737 Vates,
626 2694 785 2742 neque
822 2680 874 2726 in
910 2681 1059 2727 terris
1096 2678 1330 2726 morabor

478 2744 724 2808 Longius,
764 2747 1058 2809 invidiaque
1097 2747 1257 2808 major

356 2873 391 2919 ὅ,
411 2872 433 2910 7
453 2872 592 2920 euhoe,
621 2873 699 2911 heu
718 2874 794 2912 hoe
955 2875 974 2911 1
996 2886 1073 2911 non
1096 2874 1206 2910 tenui
1338 2874 1359 2909 2
1379 2873 1507 2922 pinna

1662 138 1729 191 61

1663 758 1722 806 10

1658 1096 1718 1144 15

1655 1433 1718 1481 20

1655 1772 1717 1820 25

1656 2109 1718 2156 30
