1878 3054
183 158 256 210 56

367 18 401 72 ,J
431 23 491 60 ,4
533 8 734 63 334532

648 172 889 211 HORA'H
933 173 1280 214 CARMINVM

451 303 634 362 Aures,
673 309 725 352 et
759 305 934 352 intorti
970 305 1169 367 capillis

517 371 859 419 Eumenidum
895 378 1185 420 recreantur
1222 372 1456 435 angues?

385 438 521 498 Quin
546 443 597 485 et
623 438 962 486 Prometheus
987 444 1039 486 et
1065 439 1272 502 Pelopis
1295 454 1480 502 parens

384 504 535 552 Dulci
571 505 802 552 laborum
838 506 1089 568 decipitur
1125 521 1264 566 sono,

449 571 560 618 Nec
595 576 739 618 curat
777 571 934 620 Orion
971 573 1142 620 leones

515 637 627 685 Aut
660 638 871 687 timidos
907 639 1101 709 agitare
1136 639 1332 707 lyncas.

331 715 487 757 ‘'13''
595 700 881 745 ι’·ν»,ν’.,

344 759 442 781 Ἷ.

323 752 839 879 ΐιὶᾸκ,ἱχ, “
844 732 1237 851 ffiV.‘Qv

345 874 529 948 {Eheu
565 901 789 965 fugaces,
799 851 1092 963 Postume,
1133 904 1395 964 Postume,

384 967 653 1016 Labuntur
675 970 826 1038 anni,
866 985 958 1018 nec
993 971 1160 1032 pietas
1195 986 1391 1020 moram
1440 1006 1443 1007 γ

452 1025 674 1097 Βυςίἕ
658 1041 711 1084 et
745 1037 959 1084 instanti
996 1042 1228 1086 senectae

517 1102 711 1150 Afferet
735 1103 1111 1167 indomitaeque
1136 1105 1319 1153 morti·
1308 1142 1320 1167 ‚

384 1168 519 1227 Non,
547 1169 589 1216 si
614 1171 844 1227 trecenis,
873 1175 1123 1233 quotquot
1147 1176 1270 1220 eunt
1292 1172 1416 1233 dies,

383 1235 577 1294 Amice,
614 1236 784 1299 places
818 1236 1217 1286 illacrimabilem

452 1302 674 1351 Plutona
697 1303 872 1361 tauriS‚
899 1304 986 1368 qui
1011 1309 1089 1352 ter
1113 1304 1334 1367 amplum

519 1369 788 1432 Geryonen
825 1370 1112 1434 Tityonque
1147 1371 1283 1419 tristi

385 1435 675 1498 Oompescit
700 1437 849 1496 unda,
878 1437 1066 1485 scilicet
1091 1438 1339 1498 omnibus,

384 1502 697 1566 Quicumque
723 1508 883 1551 terrae
909 1519 1115 1552 munere
1139 1505 1406 1566 vescimur,
1439 1508 1477 1544 0*

451 1569 804 1632 Enaviganda,
844 1571 952 1618 sive
987 1586 1132 1633 reges

517 1635 635 1684 Sive
671 1637 848 1700 inopes
884 1637 1072 1685 erimus
1107 1637 1283 1686 coloni.

382 1701 598 1750 Frustra
622 1709 829 1751 cruento
856 1703 1023 1752 Marte
1051 1705 1335 1753 carebimus

382 1767 681 1832 Fractisque
706 1771 845 1819 rauci
871 1770 1104 1818 fluctibus
1130 1771 1372 1831 Hadriae,

450 1835 663 1883 Frustra
685 1852 773 1898 per
797 1842 1070 1885 autumnos
1094 1843 1360 1886 nocentem

517 1901 825 1966 Corporibus
851 1910 1137 1952 metuemus
1161 1905 1446 1955 Austrum:

381 1967 642 2017 Visendus
668 1975 777 2018 ater
800 1971 1004 2019 flumine
1028 1971 1273 2033 languido

388 2034 609 2097 Cocytos
645 2051 834 2094 errans,
872 2042 924 2084 et
961 2038 1130 2085 Danai
1166 2053 1330 2100 genus

448 2099 662 2160 Infame,
703 2076 1074 2166 damnatusque
1109 2104 1251 2167 longi

517 2168 770 2231 Sisyphus
807 2170 1051 2217 Aeolides
1085 2170 1288 2218 laboris.

381 2233 684 2297 Linquenda
708 2236 861 2284 tellus
887 2241 939 2284 et
962 2237 1143 2284 domus
1167 2241 1218 2284 et
1240 2236 1445 2300 placens

380 2299 537 2360 Uxor,
563 2317 724 2364 neque
751 2303 930 2350 harum
956 2317 1082 2366 quas
1107 2303 1232 2352 colis
1257 2304 1491 2379 arborum
1548 2311 1582 2351 ,ἱ

447 2367 519 2415 Te
553 2374 754 2430 praeter
790 2370 986 2417 invisas
1021 2384 1383 2432 cupressos&-
1313 2352 1461 2425 Μυῆἶ

516 2434 637 2482 Ulla
660 2436 866 2483 brevem
893 2437 1156 2484 dominum
1181 2402 1433 2498 sequetur.

379 2499 636 2549 Absumet
671 2502 817 2551 heres
857 2503 1091 2551 Caecuba
1126 2503 1328 2565 dignior

381 2566 598 2615 Servata
633 2574 835 2617 centum
873 2569 1115 2629 clavibus,
1153 2574 1205 2616 et
1239 2583 1379 2617 mero
1412 2571 1501 2599 ff*

285 2646 291 2657 ⁶
345 2658 366 2672 ψ
447 2634 634 2697 Tinget
667 2637 1021 2697 pavimentum
1059 2636 1287 2698 superbo,

511 2701 815 2750 Pontificum
849 2703 1045 2765 potiore
1083 2702 1232 2750 cenis,

251 2816 299 2852 38
317 2816 493 2854 laborem
614 2821 635 2855 5
654 2820 829 2864 tricenis,
848 2820 1036 2856 trecentis
1170 2820 1218 2856 14
1236 2818 1366 2856 raucis

352 2867 400 2906 27
421 2869 648 2918 superbum,
669 2869 875 2919 superbus,
896 2869 1077 2920 superbis
1096 2882 1117 2907 c
1134 2870 1235 2906 coni.

1504 2818 1553 2855 24
1570 2818 1659 2858 vita

1337 2869 1387 2905 28
1405 2869 1540 2906 caenia

1669 308 1731 352 35

1670 640 1730 685 40

1665 1511 1726 1559 10

1666 1843 1728 1890 15

1665 2176 1728 2223 20

1664 2508 1726 2556 25
