1846 3034
153 176 262 237 204
566 194 811 235 HORA'I'I
852 193 1302 234 Ems‘rvLARVM

156 328 211 377 Si
237 331 445 390 quaeret
470 327 593 390 quid
620 342 783 389 agam,
812 327 891 374 dic
917 327 1078 373 multa
1102 330 1153 372 et
1177 325 1391 387 pulchra
1415 325 1696 374 minantem

155 396 343 443 Vivere
371 410 460 441 nec
484 400 615 442 recte
643 409 733 441 nec
759 394 1018 454 suaviter3
1055 392 1191 439 haud
1217 393 1338 454 quia
1364 392 1559 453 grando

159 462 462 511 Contuderit
489 462 619 508 vites
645 461 905 522 oleamque
931 459 1262 507 momorderit
1290 464 1478 517 aestus,
1688 456 1716 503 5

155 529 202 576 N
208 545 263 576 ec
288 529 408 591 quia
431 528 722 590 longinquis
751 532 1033 574 armentum
1059 531 1288 588 aegrotet
1314 525 1366 572 in
1393 526 1546 587 agris,

160 592 260 643 Sed
286 595 406 657 quia
430 599 598 642 mente
624 595 792 641 minus
819 592 1020 640 validus
1047 607 1198 655 quam
1225 607 1429 654 corpore
1455 597 1565 639 toto

160 662 248 710 Nil
276 662 449 720 audire
476 662 643 719 velim,
673 661 743 707 nil
770 661 976 718 discere,
1005 659 1139 722 quod
1165 659 1299 706 levet
1324 673 1561 722 aegrum;

162 729 307 776 Fidis
333 729 555 775 offendar
578 727 801 785 medicis,
829 727 1017 774 irascar
1041 726 1231 783 amicis,

163 794 267 843 Cur
291 810 370 842 me
397 795 596 842 funesto
622 799 891 857 properent
916 808 1081 840 arcere
1108 798 1346 853 vetern03
1660 785 1720 834 10

164 862 305 923 Quae
333 877 543 908 nocuere
571 875 767 923 sequar,
793 861 990 922 fugiam
1017 874 1144 921 quae
1170 859 1366 921 profore
1392 858 1592 906 credam
1615 874 1628 918 ς

160 928 358 975 Romae
386 928 544 974 Tibur
569 943 734 975 amem
762 934 1020 984 ventosus,
1049 925 1236 973 Tibure
1264 925 1498 972 Romam.

161 994 288 1042 Post
314 994 451 1052 haec,
481 999 537 1040 ut
563 994 745 1050 valeat,
772 1009 872 1056 quo
896 999 1048 1056 pacto
1073 1007 1177 1039 rem
1204 996 1349 1054 gerat
1373 997 1424 1039 et
1447 1006 1517 1051 se,

158 1061 234 1108 Ut
258 1061 457 1123 placeat
485 1061 678 1123 juveni,
706 1066 1016 1123 percontare,
1042 1065 1198 1121 utque
1224 1057 1436 1106 cohorti.

159 1127 213 1176 Si
240 1128 373 1175 dicet
399 1133 426 1152 “
450 1127 656 1184 Recte,”
680 1127 899 1189 primum
928 1126 1168 1189 gaudere,
1200 1125 1414 1172 subinde
1664 1121 1722 1168 15

160 1194 493 1257 Praeceptum
523 1194 760 1240 auriculis
788 1194 882 1241 hoc
908 1193 1156 1240 instillare
1184 1197 1464 1239 memento:

159 1261 280 1308 “Ut
304 1267 360 1308 tu
387 1261 654 1320 fortunam,
683 1261 754 1308 sic
780 1275 873 1307 nos
897 1265 962 1319 te,
992 1259 1152 1318 Celse,
1181 1259 1448 1306 feremus.’'

888 1419 987 1468 IX.

163 1525 450 1594 Septimius,
481 1524 674 1583 Claudi,
702 1525 940 1572 nimirum
966 1524 1218 1587 intellegit
1242 1539 1374 1572 unus

163 1588 354 1654 Quanti
379 1608 457 1639 me
485 1593 676 1653 facias3
714 1608 832 1638 nam
860 1607 974 1638 cum
1000 1597 1149 1653 rogat
1173 1597 1225 1638 et
1249 1605 1392 1652 prece
1418 1590 1571 1652 cogit,

164 1659 369 1707 Scilicet
393 1664 449 1705 ut
474 1658 567 1706 tibi
593 1674 645 1706 se
671 1659 879 1705 laudare
905 1663 957 1705 et
982 1659 1183 1705 tradere
1210 1672 1373 1716 coner,

162 1726 388 1787 Dignum
415 1730 584 1772 mente
611 1726 862 1787 domoque
887 1725 1108 1787 legentis
1135 1724 1350 1771 honesta
1376 1723 1613 1782 NeroniS,

162 1792 374 1840 Munere
401 1807 514 1839 cum
542 1792 685 1853 fungi
712 1792 965 1854 propioris
991 1796 1163 1838 censet
1192 1791 1357 1849 amici,
1696 1777 1729 1851 ⁵⁷

165 1859 299 1920 Quid
325 1859 519 1922 possim
548 1859 688 1905 videt
715 1874 773 1906 ac
798 1858 940 1905 novit
966 1873 1046 1905 me
1074 1856 1274 1905 valdius
1299 1857 1422 1919 ipso.

163 1923 331 1972 Multa
355 1925 559 1987 quidem
587 1925 691 1972 dixi
719 1940 806 1972 cur
831 1929 1103 1972 excusatus
1130 1924 1352 1984 abirem;

165 1991 266 2039 Sed
290 1992 439 2039 timui
464 2003 577 2038 mea
602 2007 664 2038 ne
691 1991 893 2039 finxisse
919 1992 1117 2039 minora
1141 1996 1359 2052 putarer,

165 2058 529 2106 Dissimulator
555 2059 663 2120 opis
688 2059 937 2121 propriae,
966 2057 1092 2104 mihi
1118 2057 1412 2104 commodus
1435 2054 1538 2104 uni.

168 2124 252 2173 Sic
274 2140 383 2186 ego,
412 2124 617 2185 maj0ris
644 2125 842 2186 fugiens
869 2125 1142 2187 opprobria
1166 2107 1726 2186 eulpae,1⁰

167 2191 375 2238 Frontis
402 2190 467 2237 ad
491 2191 712 2237 urbanae
739 2191 975 2238 descendi
1001 2190 1238 2252 praemia
1313 2189 1459 2250 Quod
1486 2187 1531 2235 si

166 2257 469 2333 Depositum
496 2257 675 2303 laudas
702 2258 764 2303 ob
791 2258 941 2304 amici
969 2259 1116 2319 jussa
1139 2256 1400 2319 pudorem,

168 2324 340 2373 Scribe
365 2323 442 2371 tui
467 2324 639 2385 gregis
663 2323 811 2384 hunc,
837 2328 888 2371 et
914 2324 1096 2371 fortem
1121 2323 1265 2371 crede
1290 2322 1591 2384 bonumque.

908 2486 977 2537 X.

167 2588 322 2638 'Urbis
348 2593 626 2636 amatorem
653 2588 874 2636 Fuscum
901 2590 1095 2636 salvere
1124 2588 1360 2650 Jubemus

169 2657 326 2707 Ruris
353 2662 621 2713 amatores,
651 2655 746 2702 hac
772 2656 823 2702 in
849 2670 900 2702 re
929 2656 1122 2703 scilicet
1146 2671 1248 2702 una

169 2722 392 2772 Multum
417 2722 706 2780 dissimiles,
735 2727 789 2768 at
813 2727 980 2769 cetera
1005 2737 1163 2782 paene
1189 2719 1394 2783 gemelli

219 2839 240 2875 3
261 2837 420 2888 quaerit
522 2839 544 2874 δ
564 2839 742 2875 oleamve
846 2838 892 2873 12
914 2840 1108 2874 venturus
1212 2838 1232 2872 1
1249 2835 1454 2883 intelligit,
1470 2834 1680 2882 intellegat

734 2888 756 2924 3
776 2888 828 2924 ad
981 2888 1003 2923 3
1023 2890 1182 2923 caetera
