1878 3054
253 162 320 216 82

730 172 970 212 HORATI
1013 171 1359 218 CARMINVM

454 305 510 355 Si
534 309 677 353 tener
701 305 849 367 pleno
873 305 1011 351 cadit
1036 303 1230 351 haedus
1257 317 1406 362 anno,

452 373 627 434 Larga
652 386 743 419 nec
768 372 952 418 desunt
978 371 1196 418 Veneris
1222 370 1385 417 sodali

454 440 595 488 Vina
618 445 857 496 craterae,
888 443 1036 484 vetus
1063 452 1150 484 ara
1175 437 1337 484 multo

655 505 843 552 Fumat
869 504 1034 551 odore.

454 572 612 620 Ludit
637 573 851 619 herboso
876 586 1030 633 pecus
1057 586 1203 618 omne
1228 584 1421 632 campo,

456 639 586 688 Cum
610 640 704 686 tibi
730 638 909 686 Nonae
936 638 1152 685 redeunt
1173 637 1508 698 Decembres3
1598 675 1600 680 ,

456 706 643 754 Festus
668 707 721 752 in
745 705 906 767 pratis
936 709 1087 752 vacat
1115 705 1278 752 otioso

663 773 795 821 Cum
821 773 950 819 bove
978 786 1174 834 pagus3

455 839 598 888 Inter
622 840 840 887 audaces
864 839 1017 901 lupus
1042 843 1179 886 errat
1206 851 1367 900 agnos
1387 853 1400 898 ;

462 906 672 968 Spargit
697 911 925 968 agrestes
951 906 1047 952 tibi
1073 905 1204 952 silva
1230 904 1468 966 frondes;

457 973 660 1023 Gaudet
683 973 907 1020 invisam
934 972 1187 1035 pepulisse
1213 972 1376 1020 fossor
1464 1027 1469 1031 ⁴

658 1040 758 1087 Ter
780 1040 908 1103 pede
935 1047 1136 1087 terram.

964 1215 1118 1264 XIX.

464 1320 721 1383 Quantum
748 1320 906 1367 distet
933 1321 996 1367 ab
1023 1319 1216 1367 Inacho

1761 633 1818 679 10

1761 966 1819 1013 15

528 1387 740 1445 Codrus,
767 1402 858 1449 pro
882 1386 1048 1449 patria
1074 1401 1179 1434 non
1202 1385 1414 1434 timidus
1436 1385 1580 1445 mori,

458 1453 667 1511 Narras,
694 1459 746 1501 et
772 1468 935 1515 genus
962 1453 1136 1511 Aeaci,

524 1521 594 1568 Et
618 1526 846 1582 pugnata
871 1534 1014 1568 sacro
1037 1520 1171 1567 bella
1196 1520 1290 1567 sub
1314 1520 1438 1568 Ilio:

461 1587 576 1648 Quo
603 1587 792 1636 Chium
818 1587 980 1649 pretio
1007 1587 1190 1634 cadum

526 1654 827 1712 Mercemm,
855 1654 970 1717 quis
997 1669 1182 1716 aquam
1205 1658 1452 1716 temperet
1476 1653 1697 1716 ignibuS,

462 1721 577 1782 Quo
600 1722 874 1782 praebente
901 1721 1110 1768 domum
1135 1725 1187 1768 et
1212 1725 1368 1783 quota

528 1788 758 1850 Pelignis
783 1803 985 1836 caream
1013 1788 1304 1850 frigoribus,
1332 1793 1486 1835 taces,

463 1854 546 1902 Da
569 1854 718 1902 lunae
742 1870 953 1918 propere
980 1870 1158 1913 novae,

529 1921 611 1968 Da
635 1923 799 1969 noctis
823 1922 1035 1980 mediae,
1063 1922 1143 1979 da,
1171 1935 1312 1983 puer,
1340 1920 1549 1984 auguris

462 1987 738 2036 Murenae:
774 1989 940 2036 tribus
968 1993 1059 2036 aut
1083 2003 1268 2036 novem

1765 1923 1822 1966 10

528 2054 811 2102 Miscentur
835 2055 1038 2116 cyathis
1063 2055 1247 2116 pocula
1270 2054 1561 2103 commodis.
1582 2050 1586 2053 ’

464 2120 565 2181 Qui
590 2121 770 2168 Musas
796 2127 935 2168 amat
959 2122 1194 2183 impares,

528 2187 720 2235 Ternos
744 2193 823 2235 ter
848 2189 1065 2250 cyathos
1093 2188 1343 2236 attonitus
1366 2192 1510 2250 petet
1526 2225 1534 2230 .-

461 2252 655 2314 Vates;
691 2259 795 2302 tres
820 2255 1057 2317 prohibet
1083 2270 1239 2316 supra

535 2321 785 2368 Rixarum
811 2326 1043 2369 metuens
1069 2326 1279 2383 tangere
1306 2321 1484 2371 Gratia

464 2386 632 2434 Nudis
650 2389 830 2448 J'uncta
855 2389 1129 2436 sororibus.

530 2454 764 2501 Insanire
783 2457 962 2515 juvat:
1001 2469 1089 2503 cur
1114 2455 1450 2517 Berecyntiae

467 2519 685 2576 Oessant
710 2521 915 2569 flamina
939 2521 1133 2569 tibiae?

533 2587 637 2635 Our
660 2589 848 2650 pendet
872 2590 1031 2636 tacita
1055 2589 1227 2636 fistula
1251 2603 1366 2636 cum
1390 2586 1542 2651 lyra?

465 2652 740 2702 Parcentes
766 2670 862 2716 ego
890 2656 1127 2703 dexteras

534 2719 664 2768 Odi:
703 2737 886 2784 sparge
913 2737 1087 2784 rosas;
1126 2722 1302 2770 audiat
1325 2721 1531 2769 invidus

367 2856 390 2891 5
408 2855 524 2891 cadet
719 2857 740 2893 6
759 2857 908 2894 Veneri
1170 2858 1216 2895 12
1235 2858 1386 2907 pardus

1764 2255 1821 2301 15

1761 2588 1822 2635 20

1524 2840 1530 2846 “
1582 2858 1601 2893 1
1623 2858 1748 2894 distat

455 2906 478 2940 2
498 2917 576 2941 non
597 2906 763 2943 timidus
781 2919 854 2956 pro
873 2908 1008 2956 patria
1111 2909 1158 2943 12
1177 2908 1392 2944 miscentor
1411 2921 1430 2943 e
1449 2908 1668 2944 coniectura
