1846 3034
714 196 842 236 mn.
883 196 922 235 1-.
966 180 1155 244 17,18
1613 176 1722 230 215

148 334 275 384 Plus
297 337 541 398 poscente
565 332 760 392 ferent3
798 331 961 378 distat
987 343 1228 377 sumasne
1254 326 1506 389 pudenter
1557 336 1561 339 ’
1707 363 1709 365 .

148 402 237 450 An
260 401 442 469 rapias.
517 400 682 462 Atqui
705 413 872 445 rerum
899 405 1053 459 caput
1079 397 1179 444 hoc-
1198 400 1321 453 erat,
1351 394 1430 442 hic
1456 394 1586 443 fons,
1656 390 1720 440 45

149 473 177 495 ‘⁶
195 469 442 520 ludotata
468 467 595 514 mihi
620 480 763 514 soror
787 473 879 524 est,
906 463 1216 527 paupercula
1241 468 1418 520 mater,

148 537 220 588 Et
243 537 433 584 fundus
458 550 550 582 nec
577 533 851 581 vendibilis
878 547 968 580 nec
992 546 1200 595 pascere
1227 530 1451 589 firmus,''

146 604 251 666 Qui
275 604 413 662 dicit,
441 603 630 650 clamat
657 606 684 625 “
706 601 917 648 Victum
943 601 1110 648 date.”
1184 597 1412 646 Succinit
1437 596 1567 645 alter

149 677 178 697 ‘⁴
197 671 267 719 Et
290 671 415 719 mihi
441 670 653 718 dividuo
679 668 899 716 findetur
922 683 1130 715 munere
1157 666 1401 729 quadra.''

150 739 250 789 Sed
274 740 463 787 tacitus
487 738 628 801 pasci
656 737 700 784 si
725 741 901 800 posset
925 750 1125 793 corvus,
1155 734 1365 781 haberet
1659 732 1722 779 50

149 807 278 857 Plus
302 806 467 870 dapis,
495 812 548 853 et
571 806 712 853 rixae
740 805 904 856 multo
931 804 1102 850 minus
1127 802 1469 864 invidiaeque.

150 875 481 923 Brundisium
509 888 680 921 comes
706 879 795 920 aut
823 871 1127 920 Surrentum
1155 871 1340 918 ductus
1368 881 1655 926 amoenum,

151 943 250 1005 Qui
278 942 509 1005 queritur
534 941 764 989 salebras
789 947 841 988 et
868 939 1106 987 acerbum
1131 939 1294 1000 frigus
1319 942 1372 984 et
1396 936 1599 994 imbres,

150 1011 262 1058 Aut
286 1010 470 1058 cistam
489 1009 748 1057 effractam
776 1014 828 1056 et
855 1008 1111 1055 subducta
1136 1005 1325 1053 viatica
1349 1004 1530 1067 plorat,

150 1077 291 1126 Nota
316 1078 468 1125 refert
492 1077 770 1124 meretricis
799 1076 1047 1132 acumina,
1077 1089 1228 1137 saepe
1255 1072 1506 1130 catellam,
1662 1067 1725 1117 55

153 1145 317 1209 Saepe
344 1145 692 1208 periscelidem
719 1149 922 1206 raptam
951 1143 1048 1190 sibi
1076 1142 1256 1199 flentis,
1286 1140 1362 1188 uti
1387 1154 1507 1187 mox

150 1212 307 1261 Nulla
331 1213 457 1260 fides
481 1213 685 1260 damnis
712 1212 946 1274 verisque
971 1210 1234 1258 doloribus
1260 1208 1409 1256 adsit.

151 1280 261 1329 Nec
286 1281 443 1328 semel
469 1280 647 1327 irrisus
671 1279 840 1327 triviis
867 1278 1100 1326 attollere
1126 1281 1272 1325 curat

153 1347 339 1396 Fracto
364 1363 509 1396 crure
534 1348 759 1410 planum,
786 1347 905 1394 licet
928 1347 1003 1393 illi
1028 1345 1248 1409 plurima
1271 1348 1448 1391 manet

154 1415 405 1473 Lacrima,
431 1430 522 1480 per
546 1424 782 1463 sanctum
810 1416 1016 1476 juratus
1044 1414 1182 1462 dicat
1208 1411 1430 1460 Osirim:
1665 1406 1728 1453 60

154 1489 182 1508 “
203 1483 424 1542 Credite,
454 1498 554 1531 non
579 1483 699 1530 ludo
721 1500 733 1543 ;
769 1483 1013 1541 crudeleS,
1042 1481 1206 1529 tollite
1232 1475 1544 1528 clauduml’'

154 1556 183 1576 “
204 1551 402 1613 Quaere
427 1552 800 1615 peregrinum,''
828 1550 1018 1598 vicinia
1041 1564 1196 1597 rauca
1220 1547 1481 1595 reclamat.

837 1727 1050 1775 XVIII.

157 1836 213 1886 Si
238 1836 367 1884 bene
391 1840 443 1884 te
467 1834 603 1894 novi,
631 1840 843 1892 metueS,
870 1833 1125 1880 liberrime
1153 1831 1302 1890 Lolli,

157 1903 452 1953 Scurrantis
479 1905 700 1964 speciem
726 1901 984 1964 praebere,
1012 1900 1273 1963 professus
1300 1897 1537 1946 amicum.

156 1970 231 2019 Ut
255 1978 491 2018 matrona
515 1970 766 2017 meretrici
796 1969 973 2031 dispar
997 1967 1094 2015 erit
1120 1975 1270 2029 atque

159 2037 408 2095 Discolor,
438 2037 592 2084 infido
619 2051 821 2084 scurrae
849 2036 1068 2083 distabit
1095 2035 1302 2083 amicus.

157 2106 254 2154 Est
281 2105 398 2154 huic
424 2105 683 2153 diversum
715 2104 839 2151 vitio
867 2104 1050 2151 vitium
1076 2116 1231 2166 prope
1258 2101 1438 2163 majus,
1709 2105 1737 2152 5

158 2174 431 2237 Asperitas
458 2172 675 2235 agrestis
702 2181 754 2219 et
779 2172 1082 2219 inconcinna
1108 2170 1396 2233 gravisque,

159 2240 302 2303 Quae
329 2256 382 2290 se
409 2240 734 2289 commendat
759 2245 911 2287 tonsa
936 2244 1065 2298 cute,
1097 2236 1338 2287 dentibus
1366 2235 1507 2294 atris,

159 2309 295 2358 Dum
322 2308 430 2356 volt
454 2307 662 2356 libertas
689 2308 786 2355 dici
815 2322 954 2354 mera
980 2321 1199 2369 veraque
1228 2305 1405 2353 virtus,

160 2376 344 2425 Virtus
368 2381 447 2424 est
470 2376 695 2424 medium
722 2375 961 2423 vitiorum
989 2382 1041 2422 et
1065 2373 1320 2436 utrimque
1347 2371 1627 2419 reductum.

161 2444 325 2495 Alter.
353 2445 405 2491 in
432 2443 731 2507 obsequium
759 2443 873 2506 plus
902 2457 1064 2505 aequo
1090 2455 1281 2504 pronus
1306 2445 1359 2488 et
1384 2437 1473 2485 imi
1659 2442 1738 2490 «10

162 2511 370 2560 Derisor
397 2511 527 2567 lecti,
557 2514 627 2559 sic
653 2518 834 2558 nutum
861 2510 1038 2558 divitis
1066 2509 1251 2566 horret,

164 2578 246 2630 Sic
273 2581 426 2627 iterat
454 2594 602 2626 voces
627 2586 679 2626 et
707 2578 859 2625 verba
883 2577 1120 2626 cadentia
1145 2576 1293 2635 tollit,

162 2645 238 2694 Ut
261 2661 473 2709 puerum
500 2662 656 2694 saevo
683 2646 861 2693 credas
889 2645 1084 2692 dictata
1110 2644 1363 2705 magistro

163 2713 414 2771 Reddere,
444 2714 523 2761 vel
550 2718 726 2776 partes
755 2713 968 2759 mimum
994 2716 1212 2759 tractare
1241 2707 1524 2767 secundas3

165 2781 316 2829 Alter
340 2782 535 2829 rixatur
561 2780 622 2828 de
648 2780 768 2828 lana
793 2794 946 2842 saepe
973 2779 1195 2842 caprina,
1680 2777 1738 2824 15

843 2923 889 2958 15
909 2923 1066 2958 rixatus
