<?xml version="1.0" encoding="UTF-8"?>
<!DOCTYPE html PUBLIC "-//W3C//DTD XHTML 1.0 Transitional//EN"
    "http://www.w3.org/TR/xhtml1/DTD/xhtml1-transitional.dtd">
<html xmlns="http://www.w3.org/1999/xhtml" xml:lang="en" lang="en">
 <head>
  <title>
</title>
<meta http-equiv="Content-Type" content="text/html;charset=utf-8" />
  <meta name='ocr-system' content='tesseract 3.04.00' />
  <meta name='ocr-capabilities' content='ocr_page ocr_carea ocr_par ocr_line ocrx_word'/>
</head>
<body>
  <div class='ocr_page' id='page_1' title='image "./workschase00horauoft_0162.png"; bbox 0 0 1878 3054; ppageno 0'>
   <div class='ocr_carea' id='block_1_1' title="bbox 225 130 1372 195">
    <p class='ocr_par' dir='ltr' id='par_1_1' title="bbox 225 130 1372 195">
     <span class='ocr_line' id='line_1_1' title="bbox 225 130 1372 195; baseline 0.003 -16"><span class='ocrx_word' id='word_1_1' title='bbox 225 130 328 180; x_wconf 84' lang='grc'>158</span> <span class='ocrx_word' id='word_1_2' title='bbox 400 184 405 188; x_wconf 61' lang='grc'>,</span> <span class='ocrx_word' id='word_1_3' title='bbox 616 140 856 180; x_wconf 73' lang='grc' dir='ltr'><strong>ΗοΒΑΤΙ</strong></span> <span class='ocrx_word' id='word_1_4' title='bbox 898 142 1266 195; x_wconf 77' lang='lat' dir='ltr'>SATIRARVM</span> <span class='ocrx_word' id='word_1_5' title='bbox 1313 138 1372 183; x_wconf 90' lang='grc'>10</span> 
     </span>
    </p>
   </div>
   <div class='ocr_carea' id='block_1_2' title="bbox 216 273 1782 808">
    <p class='ocr_par' dir='ltr' id='par_1_2' title="bbox 221 273 1782 474">
     <span class='ocr_line' id='line_1_2' title="bbox 221 273 1555 342; baseline 0.007 -23"><span class='ocrx_word' id='word_1_6' title='bbox 221 273 441 320; x_wconf 86' lang='lat' dir='ltr'>Vellicet</span> <span class='ocrx_word' id='word_1_7' title='bbox 467 274 727 321; x_wconf 81' lang='lat' dir='ltr'>absentem</span> <span class='ocrx_word' id='word_1_8' title='bbox 756 274 1059 334; x_wconf 86' lang='lat' dir='ltr'>Demetrius,</span> <span class='ocrx_word' id='word_1_9' title='bbox 1083 281 1172 324; x_wconf 86' lang='lat' dir='ltr'>aut</span> <span class='ocrx_word' id='word_1_10' title='bbox 1195 278 1328 340; x_wconf 90' lang='lat' dir='ltr'>quod</span> <span class='ocrx_word' id='word_1_11' title='bbox 1353 278 1555 342; x_wconf 84' lang='lat' dir='ltr'>ineptus</span> 
     </span>
     <span class='ocr_line' id='line_1_3' title="bbox 221 341 1782 408; baseline 0.006 -20"><span class='ocrx_word' id='word_1_12' title='bbox 221 341 452 388; x_wconf 84' lang='lat' dir='ltr'>Fannius</span> <span class='ocrx_word' id='word_1_13' title='bbox 479 341 820 402; x_wconf 84' lang='lat' dir='ltr'>Hermogenis</span> <span class='ocrx_word' id='word_1_14' title='bbox 847 342 1019 389; x_wconf 87' lang='lat' dir='ltr'>laedat</span> <span class='ocrx_word' id='word_1_15' title='bbox 1044 344 1262 392; x_wconf 85' lang='lat' dir='ltr'>conviva</span> <span class='ocrx_word' id='word_1_16' title='bbox 1288 345 1508 408; x_wconf 84' lang='lat' dir='ltr'>Tigelli?</span> <span class='ocrx_word' id='word_1_17' title='bbox 1719 351 1782 398; x_wconf 85' lang='lat'>80</span> 
     </span>
     <span class='ocr_line' id='line_1_4' title="bbox 221 408 1423 474; baseline 0.004 -19"><span class='ocrx_word' id='word_1_18' title='bbox 221 408 422 458; x_wconf 88' lang='lat' dir='ltr'>Plotius</span> <span class='ocrx_word' id='word_1_19' title='bbox 447 413 498 455; x_wconf 85' lang='lat' dir='ltr'>et</span> <span class='ocrx_word' id='word_1_20' title='bbox 524 408 727 465; x_wconf 88' lang='lat' dir='ltr'>Varius,</span> <span class='ocrx_word' id='word_1_21' title='bbox 756 408 1028 456; x_wconf 82' lang='lat' dir='ltr'>Maecenas</span> <span class='ocrx_word' id='word_1_22' title='bbox 1052 409 1423 474; x_wconf 73' lang='lat' dir='ltr'>Vergiliusque,</span> 
     </span>
    </p>

    <p class='ocr_par' dir='ltr' id='par_1_3' title="bbox 218 474 1634 673">
     <span class='ocr_line' id='line_1_5' title="bbox 220 474 1602 544; baseline 0.006 -23"><span class='ocrx_word' id='word_1_23' title='bbox 220 475 455 537; x_wconf 85' lang='lat' dir='ltr'>Valgius,</span> <span class='ocrx_word' id='word_1_24' title='bbox 482 481 533 522; x_wconf 90' lang='lat' dir='ltr'>et</span> <span class='ocrx_word' id='word_1_25' title='bbox 557 475 736 537; x_wconf 84' lang='lat' dir='ltr'>probet</span> <span class='ocrx_word' id='word_1_26' title='bbox 763 474 886 522; x_wconf 86' lang='lat' dir='ltr'>haec</span> <span class='ocrx_word' id='word_1_27' title='bbox 914 475 1174 536; x_wconf 84' lang='lat' dir='ltr'>Octavius,</span> <span class='ocrx_word' id='word_1_28' title='bbox 1202 479 1424 541; x_wconf 90' lang='lat' dir='ltr'>optimus</span> <span class='ocrx_word' id='word_1_29' title='bbox 1451 486 1602 544; x_wconf 83' lang='lat' dir='ltr'>atque</span> 
     </span>
     <span class='ocr_line' id='line_1_6' title="bbox 219 542 1634 611; baseline 0.005 -22"><span class='ocrx_word' id='word_1_30' title='bbox 219 542 432 601; x_wconf 86' lang='lat' dir='ltr'>Fuscus,</span> <span class='ocrx_word' id='word_1_31' title='bbox 460 547 511 589; x_wconf 92' lang='lat' dir='ltr'>et</span> <span class='ocrx_word' id='word_1_32' title='bbox 535 543 659 590; x_wconf 86' lang='lat' dir='ltr'>haec</span> <span class='ocrx_word' id='word_1_33' title='bbox 684 542 879 588; x_wconf 81' lang='lat' dir='ltr'>utinam</span> <span class='ocrx_word' id='word_1_34' title='bbox 904 542 1175 591; x_wconf 85' lang='lat' dir='ltr'>Viscorum</span> <span class='ocrx_word' id='word_1_35' title='bbox 1203 545 1374 595; x_wconf 89' lang='lat' dir='ltr'>laudet</span> <span class='ocrx_word' id='word_1_36' title='bbox 1396 546 1634 611; x_wconf 89' lang='lat' dir='ltr'>uterquel</span> 
     </span>
     <span class='ocr_line' id='line_1_7' title="bbox 218 610 1281 673; baseline 0.003 -17"><span class='ocrx_word' id='word_1_37' title='bbox 218 610 515 657; x_wconf 82' lang='lat' dir='ltr'>Ambitione</span> <span class='ocrx_word' id='word_1_38' title='bbox 542 611 766 671; x_wconf 86' lang='lat' dir='ltr'>relegata</span> <span class='ocrx_word' id='word_1_39' title='bbox 791 615 841 656; x_wconf 89' lang='lat' dir='ltr'>te</span> <span class='ocrx_word' id='word_1_40' title='bbox 868 610 1032 658; x_wconf 88' lang='lat' dir='ltr'>dicere</span> <span class='ocrx_word' id='word_1_41' title='bbox 1058 627 1281 673; x_wconf 91' lang='lat' dir='ltr'>possum,</span> 
     </span>
    </p>

    <p class='ocr_par' dir='ltr' id='par_1_4' title="bbox 216 675 1774 808">
     <span class='ocr_line' id='line_1_8' title="bbox 217 675 1774 746; baseline 0.006 -23"><span class='ocrx_word' id='word_1_42' title='bbox 217 675 395 735; x_wconf 87' lang='lat' dir='ltr'>Pollio,</span> <span class='ocrx_word' id='word_1_43' title='bbox 421 683 488 734; x_wconf 91' lang='lat' dir='ltr'>te,</span> <span class='ocrx_word' id='word_1_44' title='bbox 521 678 760 737; x_wconf 86' lang='lat' dir='ltr'>Messala,</span> <span class='ocrx_word' id='word_1_45' title='bbox 809 683 896 725; x_wconf 90' lang='lat' dir='ltr'>tuo</span> <span class='ocrx_word' id='word_1_46' title='bbox 921 693 1034 725; x_wconf 91' lang='lat' dir='ltr'>cum</span> <span class='ocrx_word' id='word_1_47' title='bbox 1063 678 1229 738; x_wconf 87' lang='lat' dir='ltr'>fratre,</span> <span class='ocrx_word' id='word_1_48' title='bbox 1257 680 1519 746; x_wconf 87' lang='lat' dir='ltr'>simulque</span> <span class='ocrx_word' id='word_1_49' title='bbox 1680 739 1681 742; x_wconf 8' lang='grc' dir='ltr'><strong>Ἴ</strong></span> <span class='ocrx_word' id='word_1_50' title='bbox 1714 686 1774 732; x_wconf 91' lang='grc'>85</span> 
     </span>
     <span class='ocr_line' id='line_1_9' title="bbox 216 742 1623 808; baseline 0.004 -18"><span class='ocrx_word' id='word_1_51' title='bbox 216 742 340 802; x_wconf 84' lang='lat' dir='ltr'>Vos,</span> <span class='ocrx_word' id='word_1_52' title='bbox 368 745 547 793; x_wconf 90' lang='lat' dir='ltr'>Bibule</span> <span class='ocrx_word' id='word_1_53' title='bbox 572 752 623 793; x_wconf 91' lang='lat' dir='ltr'>et</span> <span class='ocrx_word' id='word_1_54' title='bbox 651 746 810 804; x_wconf 88' lang='lat' dir='ltr'>Servi,</span> <span class='ocrx_word' id='word_1_55' title='bbox 840 746 988 792; x_wconf 92' lang='lat' dir='ltr'>simul</span> <span class='ocrx_word' id='word_1_56' title='bbox 1016 745 1096 793; x_wconf 87' lang='lat' dir='ltr'>his</span> <span class='ocrx_word' id='word_1_57' title='bbox 1120 753 1184 806; x_wconf 92' lang='lat' dir='ltr'>te,</span> <span class='ocrx_word' id='word_1_58' title='bbox 1213 749 1423 796; x_wconf 88' lang='lat' dir='ltr'>candide</span> <span class='ocrx_word' id='word_1_59' title='bbox 1450 749 1623 808; x_wconf 89' lang='lat' dir='ltr'>Furni,</span> 
     </span>
    </p>
   </div>
   <div class='ocr_carea' id='block_1_3' title="bbox 217 810 1450 876">
    <p class='ocr_par' dir='ltr' id='par_1_5' title="bbox 217 810 1450 876">
     <span class='ocr_line' id='line_1_10' title="bbox 217 810 1450 876; baseline 0.005 -19"><span class='ocrx_word' id='word_1_60' title='bbox 217 810 515 874; x_wconf 85' lang='lat' dir='ltr'>Complures</span> <span class='ocrx_word' id='word_1_61' title='bbox 541 814 681 869; x_wconf 85' lang='lat' dir='ltr'>alios,</span> <span class='ocrx_word' id='word_1_62' title='bbox 710 814 886 861; x_wconf 83' lang='lat' dir='ltr'>doctos</span> <span class='ocrx_word' id='word_1_63' title='bbox 911 829 1008 876; x_wconf 89' lang='lat' dir='ltr'>ego</span> <span class='ocrx_word' id='word_1_64' title='bbox 1031 830 1159 876; x_wconf 89' lang='lat' dir='ltr'>quos</span> <span class='ocrx_word' id='word_1_65' title='bbox 1183 819 1234 862; x_wconf 91' lang='lat' dir='ltr'>et</span> <span class='ocrx_word' id='word_1_66' title='bbox 1259 817 1450 864; x_wconf 87' lang='lat' dir='ltr'>amicos</span> 
     </span>
    </p>
   </div>
   <div class='ocr_carea' id='block_1_4' title="bbox 125 870 1716 947">
    <p class='ocr_par' dir='ltr' id='par_1_6' title="bbox 125 870 1716 947">
     <span class='ocr_line' id='line_1_11' title="bbox 125 870 1716 947; baseline 0.004 -22"><span class='ocrx_word' id='word_1_67' title='bbox 125 870 130 875; x_wconf 48' lang='lat'>⁸</span> <span class='ocrx_word' id='word_1_68' title='bbox 216 878 448 926; x_wconf 90' lang='lat' dir='ltr'>Prudens</span> <span class='ocrx_word' id='word_1_69' title='bbox 471 886 761 943; x_wconf 84' lang='lat' dir='ltr'>praetereo3</span> <span class='ocrx_word' id='word_1_70' title='bbox 798 882 982 944; x_wconf 89' lang='lat' dir='ltr'>quibus</span> <span class='ocrx_word' id='word_1_71' title='bbox 1009 881 1146 941; x_wconf 86' lang='lat' dir='ltr'>haec,</span> <span class='ocrx_word' id='word_1_72' title='bbox 1175 887 1294 929; x_wconf 92' lang='lat' dir='ltr'>sunt</span> <span class='ocrx_word' id='word_1_73' title='bbox 1319 884 1716 947; x_wconf 87' lang='lat' dir='ltr'>qualiacumque,</span> 
     </span>
    </p>
   </div>
   <div class='ocr_carea' id='block_1_5' title="bbox 214 945 1771 1211">
    <p class='ocr_par' dir='ltr' id='par_1_7' title="bbox 214 945 1771 1145">
     <span class='ocr_line' id='line_1_12' title="bbox 214 945 1360 1012; baseline 0.004 -20"><span class='ocrx_word' id='word_1_74' title='bbox 214 945 452 994; x_wconf 90' lang='lat' dir='ltr'>Arridere</span> <span class='ocrx_word' id='word_1_75' title='bbox 480 948 646 1005; x_wconf 86' lang='lat' dir='ltr'>velim,</span> <span class='ocrx_word' id='word_1_76' title='bbox 675 948 924 995; x_wconf 88' lang='lat' dir='ltr'>doliturus</span> <span class='ocrx_word' id='word_1_77' title='bbox 950 950 991 996; x_wconf 90' lang='lat' dir='ltr'>si</span> <span class='ocrx_word' id='word_1_78' title='bbox 1016 949 1247 1011; x_wconf 83' lang='lat' dir='ltr'>placeant</span> <span class='ocrx_word' id='word_1_79' title='bbox 1272 965 1360 1012; x_wconf 90' lang='lat' dir='ltr'>spe</span> 
     </span>
     <span class='ocr_line' id='line_1_13' title="bbox 214 1010 1771 1078; baseline 0.004 -19"><span class='ocrx_word' id='word_1_80' title='bbox 214 1010 453 1060; x_wconf 89' lang='lat' dir='ltr'>Deterius</span> <span class='ocrx_word' id='word_1_81' title='bbox 479 1020 665 1062; x_wconf 88' lang='lat' dir='ltr'>nostra.</span> <span class='ocrx_word' id='word_1_82' title='bbox 738 1014 978 1074; x_wconf 82' lang='lat' dir='ltr'>Demetri,</span> <span class='ocrx_word' id='word_1_83' title='bbox 1005 1021 1170 1078; x_wconf 90' lang='lat' dir='ltr'>teque,</span> <span class='ocrx_word' id='word_1_84' title='bbox 1198 1016 1397 1078; x_wconf 85' lang='lat' dir='ltr'>Tigelli,</span> <span class='ocrx_word' id='word_1_85' title='bbox 1711 1020 1771 1066; x_wconf 89' lang='grc'>90</span> 
     </span>
     <span class='ocr_line' id='line_1_14' title="bbox 214 1079 1442 1145; baseline 0.002 -16"><span class='ocrx_word' id='word_1_86' title='bbox 214 1079 589 1143; x_wconf 87' lang='lat' dir='ltr'>Discipularum</span> <span class='ocrx_word' id='word_1_87' title='bbox 616 1082 746 1128; x_wconf 90' lang='lat' dir='ltr'>inter</span> <span class='ocrx_word' id='word_1_88' title='bbox 761 1082 914 1143; x_wconf 90' lang='lat' dir='ltr'>jubeo</span> <span class='ocrx_word' id='word_1_89' title='bbox 938 1083 1134 1145; x_wconf 86' lang='lat' dir='ltr'>plorare</span> <span class='ocrx_word' id='word_1_90' title='bbox 1161 1083 1442 1132; x_wconf 80' lang='lat' dir='ltr'>cathedras.</span> 
     </span>
    </p>

    <p class='ocr_par' dir='ltr' id='par_1_8' title="bbox 280 1147 1600 1211">
     <span class='ocr_line' id='line_1_15' title="bbox 280 1147 1600 1211; baseline 0.005 -17"><span class='ocrx_word' id='word_1_91' title='bbox 280 1147 322 1206; x_wconf 96' lang='lat' dir='ltr'>I,</span> <span class='ocrx_word' id='word_1_92' title='bbox 348 1163 485 1210; x_wconf 89' lang='lat' dir='ltr'>puer,</span> <span class='ocrx_word' id='word_1_93' title='bbox 514 1153 665 1211; x_wconf 91' lang='lat' dir='ltr'>atque</span> <span class='ocrx_word' id='word_1_94' title='bbox 690 1163 803 1196; x_wconf 90' lang='lat' dir='ltr'>meo</span> <span class='ocrx_word' id='word_1_95' title='bbox 829 1149 960 1196; x_wconf 88' lang='lat' dir='ltr'>citus</span> <span class='ocrx_word' id='word_1_96' title='bbox 986 1149 1108 1197; x_wconf 88' lang='lat' dir='ltr'>haec</span> <span class='ocrx_word' id='word_1_97' title='bbox 1133 1151 1393 1199; x_wconf 86' lang='lat' dir='ltr'>subscribe</span> <span class='ocrx_word' id='word_1_98' title='bbox 1419 1151 1600 1200; x_wconf 90' lang='lat' dir='ltr'>libello.</span> 
     </span>
    </p>
   </div>
   <div class='ocr_carea' id='block_1_6' title="bbox 290 1287 1686 1391">
    <p class='ocr_par' dir='ltr' id='par_1_9' title="bbox 290 1287 1686 1391">
     <span class='ocr_line' id='line_1_16' title="bbox 290 1287 1686 1334; baseline 0.004 -11"><span class='ocrx_word' id='word_1_99' title='bbox 290 1288 339 1324; x_wconf 83' lang='lat'>86</span> <span class='ocrx_word' id='word_1_100' title='bbox 358 1287 502 1324; x_wconf 78' lang='lat' dir='ltr'>Bibulo</span> <span class='ocrx_word' id='word_1_101' title='bbox 520 1288 695 1325; x_wconf 70' lang='lat' dir='ltr'>Muretus</span> <span class='ocrx_word' id='word_1_102' title='bbox 714 1301 732 1324; x_wconf 80' lang='lat' dir='ltr'>e</span> <span class='ocrx_word' id='word_1_103' title='bbox 752 1289 865 1334; x_wconf 65' lang='lat' dir='ltr'>coni„</span> <span class='ocrx_word' id='word_1_104' title='bbox 881 1288 934 1325; x_wconf 86' lang='lat' dir='ltr'>N.</span> <span class='ocrx_word' id='word_1_105' title='bbox 948 1289 1016 1334; x_wconf 71' lang='lat' dir='ltr'>H„</span> <span class='ocrx_word' id='word_1_106' title='bbox 1029 1289 1079 1325; x_wconf 90' lang='lat' dir='ltr'>B.</span> <span class='ocrx_word' id='word_1_107' title='bbox 1094 1302 1108 1326; x_wconf 88' lang='lat'>.·</span> <span class='ocrx_word' id='word_1_108' title='bbox 1129 1290 1280 1326; x_wconf 65' lang='lat' dir='ltr'>codice·</span> <span class='ocrx_word' id='word_1_109' title='bbox 1298 1290 1436 1328; x_wconf 87' lang='lat' dir='ltr'>Bibuli</span> <span class='ocrx_word' id='word_1_110' title='bbox 1539 1292 1586 1328; x_wconf 87' lang='lat'>88</span> <span class='ocrx_word' id='word_1_111' title='bbox 1604 1290 1686 1328; x_wconf 79' lang='lat' dir='ltr'>sint</span> 
     </span>
     <span class='ocr_line' id='line_1_17' title="bbox 807 1338 1174 1391; baseline 0.008 -16"><span class='ocrx_word' id='word_1_112' title='bbox 807 1339 854 1376; x_wconf 90' lang='grc'>91</span> <span class='ocrx_word' id='word_1_113' title='bbox 874 1338 1174 1391; x_wconf 83' lang='lat' dir='ltr'>discipulorum.</span> 
     </span>
    </p>
   </div>
   <div class='ocr_carea' id='block_1_7' title="bbox 729 2019 1261 2184">
    <p class='ocr_par' dir='ltr' id='par_1_10' title="bbox 729 2019 1261 2184">
     <span class='ocr_line' id='line_1_18' title="bbox 729 2019 1261 2184; baseline 0.004 -1"><span class='ocrx_word' id='word_1_114' title='bbox 729 2019 1261 2184; x_wconf 42' lang='lat' dir='ltr'>*Q*</span> 
     </span>
    </p>
   </div>
  </div>
 </body>
</html>
