1846 3034
158 158 294 226 '216
601 183 844 222 HORA'PI
872 183 1342 226 'Ems'rvnanvn

187 317 488 380 Propugnat
513 317 663 378 nugis
690 321 944 366 armatus:
985 321 1012 342 ‘⁴
1035 316 1240 366 Scilicet
1265 321 1325 366 ut
1348 333 1450 366 non

189 385 268 434 Sit
293 384 418 431 mihi
443 385 608 446 prima
634 383 770 440 fides,
793 389 844 431 et
870 400 986 432 vere
1012 385 1147 447 quod
1173 385 1342 448 placet
1367 391 1424 437 ut
1449 402 1550 435 non

186 452 391 501 Acriter
413 449 650 498 elatreml
725 451 954 498 Pretium
982 459 1123 499 aetas
1152 452 1312 500 altera
1337 454 1560 502 sordet.'’

187 520 485 580 Ambigitur
504 518 625 580 quid
647 516 818 565 enim?
894 519 1078 566 Castor
1105 519 1234 567 sciat
1254 535 1318 567 an
1340 519 1583 569 Dolichos
1601 521 1717 584 plus
1737 538 1749 583 ;

186 587 518 634 Brundisium
545 584 739 632 Minuci
766 586 949 633 melius
976 586 1062 633 via
1088 586 1241 634 ducat
1266 601 1331 634 an
1357 587 1509 651 Appi.
1669 597 1731 643 20

188 655 351 715 Quem
375 654 622 700 damnosa
653 652 840 711 Venus,
872 668 1021 715 quem
1049 667 1292 716 praeceps
1318 654 1430 701 alea
1453 655 1629 715 nudat,

188 721 362 770 Gloria
386 736 535 782 quem
563 735 717 782 supra
741 725 874 767 vires
900 726 952 767 et
979 722 1135 768 vestit
1161 726 1214 768 et
1238 722 1436 782 unguit,

189 789 351 849 Quem
376 793 516 838 tenet
542 788 740 849 argenti
768 788 883 834 sitis
912 788 1206 850 importuna
1232 789 1504 851 famesque,

172 857 349 916 ¹Quem
374 855 694 918 paupertatis
718 855 880 916 pudor
906 861 958 903 et
985 855 1120 917 fuga,
1150 855 1296 902 dives
1322 857 1516 904 amicus

187 922 349 984 Saepe
374 923 548 970 decem
575 923 714 969 vitiis
740 922 1037 969 instructior
1063 923 1172 970 odit
1197 927 1248 970 et
1273 922 1458 983 horret,
1673 931 1736 979 25

186 990 309 1047 Aut,
338 991 380 1037 si
407 1005 506 1037 non
532 989 655 1045 odit,
683 990 827 1050 regit,
857 1005 914 1037 ac
941 989 1099 1036 veluti
1124 990 1210 1052 pia
1234 995 1396 1037 mater

187 1056 312 1103 Plus
338 1072 489 1119 quam
516 1071 570 1103 se
596 1071 771 1118 sapere
796 1064 848 1103 et
876 1057 1151 1104 virtutibus
1177 1071 1288 1104 esse
1312 1057 1526 1120 priorem

187 1123 327 1180 volt,
355 1128 404 1171 et
429 1124 499 1171 ait
522 1139 677 1186 prope
703 1138 853 1171 vera:
895 1128 922 1148 ‘⁴
942 1123 1087 1171 Meae
1116 1124 1444 1183 (contendere
1471 1125 1573 1172 noli
1592 1123 1630 1187 l)

188 1190 470 1238 Stultitiam
497 1191 762 1254 patiuntur
788 1206 938 1253 opes3
977 1191 1072 1238 tibi
1098 1191 1315 1254 parvula
1338 1206 1418 1239 res
1442 1198 1549 1239 est:

187 1258 321 1306 Arta
345 1259 489 1305 decet
515 1272 694 1304 sanum
722 1259 957 1305 comitem
985 1263 1137 1320 toga3
1174 1258 1346 1306 desine
1371 1273 1568 1306 mecum
1679 1267 1742 1313 30

189 1325 444 1373 Certare.''
513 1324 823 1387 Eutrapelus
850 1326 1147 1387 cuicumque
1175 1340 1353 1373 nocere
1379 1325 1584 1372 volebat

188 1392 514 1440 Vestimenta
537 1392 691 1439 dabat
714 1393 968 1454 pretiosa:
1009 1393 1189 1440 beatus
1215 1392 1351 1440 enim
1378 1394 1485 1454 jam

190 1459 318 1508 Cum
343 1459 568 1521 pulchris
592 1459 779 1506 tunicis
805 1469 974 1506 sumet
1001 1475 1135 1506 nova
1161 1459 1373 1507 consilia
1397 1464 1447 1506 et
1473 1473 1604 1521 spes,

189 1527 420 1574 Dormiet
446 1528 496 1573 in
522 1526 699 1583 lucem,
728 1532 894 1573 scorto
920 1531 1198 1588 postponet
1224 1526 1497 1573 honestum

190 1593 433 1651 Officium,
461 1607 695 1640 nummos
721 1593 912 1640 alienos
937 1599 1125 1655 pascet,
1154 1594 1219 1640 ad
1243 1593 1402 1639 imum
1682 1600 1744 1647 35

189 1661 358 1708 Threx
382 1661 479 1708 erit
505 1666 594 1707 aut
620 1660 818 1707 olitoris
845 1667 965 1722 aget
990 1660 1219 1708 mercede
1245 1660 1511 1708 caballum.

190 1728 451 1776 Arcanum
478 1743 639 1789 neque
663 1733 720 1773 tu
746 1728 1055 1774 scrutaberis
1081 1727 1219 1774 illius
1244 1742 1500 1789 umquam,

191 1795 632 1856 Commissumque
656 1799 801 1856 teges
825 1802 878 1842 et
902 1794 1021 1842 vino
1046 1801 1214 1842 tortus
1238 1799 1290 1841 et
1313 1795 1402 1842 ira.

188 1861 236 1909 N
241 1877 297 1910 ec
320 1867 410 1909 tua
434 1861 669 1908 laudabis
693 1862 865 1908 studia
890 1867 977 1909 aut
1003 1861 1172 1908 aliena
1190 1861 1477 1923 reprendes,

187 1928 310 1986 Nec,
338 1944 452 1976 cum
477 1935 652 1975 venari
678 1929 816 1976 volet
840 1929 938 1985 ille,
968 1934 1208 1991 poemata
1231 1942 1440 1990 panges.
1684 1935 1747 1980 40

191 1996 370 2044 Gratia
395 1996 467 2043 sic
492 1996 704 2042 fratrum
731 1996 1064 2057 geminorum,
1092 1995 1403 2057 Amphionis
1428 1997 1582 2056 atque

188 2063 352 2121 Zethi,
381 2063 615 2121 dissiluit,
643 2063 801 2109 donec
827 2068 1064 2124 suspecta
1091 2077 1268 2110 severo

194 2131 453 2179 Conticuit
477 2128 602 2191 lyra.
679 2129 941 2176 Fraternis
969 2131 1181 2176 cessisse
1205 2132 1416 2191 putatur

190 2197 423 2244 Moribus
454 2197 739 2259 Amphion:
777 2202 832 2244 tu
859 2197 978 2243 cede
1004 2196 1226 2259 potentis
1252 2195 1402 2242 amici

191 2264 415 2312 Lenibus
439 2264 677 2325 imperiis,
706 2258 1040 2326 quotiensque
1067 2264 1247 2310 educet
1270 2262 1323 2308 in
1349 2276 1503 2324 agros
1686 2264 1749 2313 45

191 2331 393 2389 Aet-olis
418 2336 626 2377 onerata
650 2331 819 2392 plagis
846 2333 1078 2393 jumenta
1103 2344 1366 2392 canesque,

193 2398 356 2460 Surge
382 2403 433 2445 et
448 2398 762 2455 ,inhumanae
791 2399 987 2445 senium
1016 2399 1208 2460 depone
1236 2396 1504 2454 Camenae,

196 2465 359 2513 Cenes
384 2469 442 2511 ut
465 2465 655 2526 pariter
679 2465 940 2526 pulmenta
966 2464 1223 2512 laboribus
1248 2467 1449 2524 empta;

193 2532 443 2580 Romanis
469 2531 710 2578 sollemne
737 2532 860 2579 viris
885 2547 1024 2594 opus,
1053 2531 1176 2578 utile
1204 2531 1370 2577 famae

194 2599 447 2660 Vitaeque
471 2603 523 2645 et
547 2599 801 2654 membris,
830 2599 1124 2660 praesertim
1151 2612 1263 2644 cum
1291 2596 1462 2643 valeas
1485 2598 1537 2642 et
1684 2588 1749 2638 50

193 2665 292 2712 Vel
318 2681 467 2713 cursu
493 2679 728 2726 superare
756 2680 931 2711 canem
958 2666 1035 2711 vel
1064 2665 1261 2711 viribus
1288 2677 1463 2725 aprum

196 2732 387 2780 Possis.
460 2733 625 2791 Adde,
654 2732 819 2779 virilia
844 2732 978 2793 quod
1005 2730 1452 2794 speciosiusarma

262 2851 310 2885 22
329 2849 446 2896 ungit
497 2849 545 2884 28
565 2849 651 2896 agit
703 2849 750 2885 35
769 2859 911 2884 numos
966 2848 1012 2883 36
1033 2847 1169 2884 Thrax
1222 2846 1269 2884 37
1288 2846 1409 2882 ullius
1462 2844 1509 2879 40
1528 2851 1686 2893 pangas

824 2900 872 2934 45
892 2899 1127 2948 quotiesque
