1846 3034
718 184 845 224 Lm.
885 185 927 224 1.
971 171 1055 237 16,
1086 170 1156 225 17
1618 170 1728 224 213

146 319 280 371 Nam
306 319 370 368 de
394 318 533 367 mille
561 318 708 366 fabae
734 317 923 366 modiis
949 333 1064 366 cum
1091 316 1304 381 surripis
1331 319 1507 375 un'um,
1664 318 1727 367 55

147 388 406 438 Damnum
436 393 530 445 est,
559 401 660 434 non
687 386 898 443 facinus,
926 385 1050 432 mibi
1075 392 1228 448 pacto
1256 385 1421 432 lenius
1449 385 1603 433 isto.’'

147 456 244 504 Vir
261 455 448 513 bonus,
464 455 613 502 'omne
634 455 798 501 forum
827 468 978 516 quem
1007 458 1206 515 spectat
1233 458 1285 500 et
1311 467 1461 500 omne
1488 453 1726 512 tribunal,

148 522 582 586 Quandocumque
610 522 733 569 deos
761 520 840 568 vel
867 536 1020 584 porco
1048 521 1126 568 vel
1158 521 1288 568 bove
1315 520 1502 583 placat,

148 598 176 618 ‘⁴
193 592 328 640 Jane
354 588 573 654 pateri⁷'
599 590 747 647 clare,
778 588 912 636 clare
939 603 1054 636 cum
1085 589 1219 636 dixit
1248 593 1274 612 ‘⁴
1295 586 1561 650 Apollol„

148 659 320 708 Labra
345 663 520 706 movet
546 663 781 705 metuens
811 656 1008 704 audiri:
1050 661 1077 681 ‘⁴
1098 655 1324 704 Pulchra
1350 655 1602 717 Laverna,
1667 659 1728 707 60

148 728 231 778 Da
255 726 382 774 mihi
407 725 597 784 fallere,
627 726 694 773 da
721 726 864 786 justo
894 728 1174 787 sanctoque
1201 723 1376 782 videri,

148 793 365 846 Noctem
389 794 614 859 peccatis
638 799 690 841 et
717 792 980 840 fraudibus
1008 793 1167 855 objice
1194 794 1382 841 nubem
1399 790 1411 841 1
1431 792 1459 819 ’²

148 865 249 927 Qui
273 864 453 912 melior
476 877 639 921 servo,
667 861 754 925 qui
779 861 987 909 liberior
1014 861 1084 908 sit
1111 877 1311 920 avarus,

147 933 211 982 In
235 932 405 980 triviis
431 931 585 980 fixum
612 946 728 979 cum
756 945 810 977 se
840 930 1068 977 demittit
1095 930 1159 978 ob
1186 945 1370 993 assem,

147 1001 267 1050 Non
295 1000 471 1062 vide03
509 1015 627 1048 nam
654 998 740 1063 qui
771 999 955 1061 cupiet,
987 1003 1182 1046 metuet
1207 1015 1407 1064 quoque
1428 1018 1440 1063 ;
1464 1012 1630 1064 porrO,
1668 998 1728 1047 65

149 1069 252 1131 Qui
278 1075 511 1117 metuens
538 1069 693 1126 vivet,
722 1067 849 1114 liber
878 1067 1007 1114 mihi
1036 1082 1138 1114 non
1163 1067 1260 1115 erit
1285 1083 1544 1132 umquam.

149 1136 382 1186 Perdidit
406 1152 562 1195 arma,
591 1137 756 1184 locum
787 1135 996 1182 virtutis
1023 1134 1265 1195 deseruit,
1290 1136 1379 1200 qui

148 1204 361 1269 Semper
383 1205 434 1253 in
461 1204 698 1268 augenda
726 1204 939 1251 festina-t
965 1208 1017 1251 et
1046 1203 1277 1252 obruitur
1301 1219 1368 1252 re.

146 1272 384 1339 Vendere
409 1288 524 1322 cum
552 1272 720 1336 possis
749 1271 1026 1335 captivum,
1059 1271 1285 1320 occidere
1310 1271 1442 1320 noli:

149 1340 350 1390 Serviet
373 1341 596 1390 utiliter:
635 1341 744 1389 sine
774 1346 952 1402 pascat
980 1340 1139 1387 durus
1167 1345 1389 1403 aretque,
1667 1341 1729 1393 70

145 1408 374 1472 Naviget
398 1424 456 1458 ac
482 1409 665 1457 mediis
694 1408 885 1455 hiemet
916 1412 1170 1455 mercator
1196 1408 1248 1454 in
1274 1408 1441 1468 undis,

145 1477 399 1526 Annonae
425 1477 604 1541 prosit,
633 1480 805 1541 portet
832 1475 1090 1523 frumenta
1118 1490 1397 1540 penusque.

211 1613 309 1662 Vir
331 1613 574 1666 bonuset
599 1613 805 1677 sapiens
832 1611 1043 1660 audebit
1070 1611 1269 1660 dicere:
1310 1615 1337 1637 “
1358 1609 1609 1670 Penthea,

143 1679 337 1730 Rector
361 1681 670 1739 Thebarum,
697 1680 819 1744 quid
845 1695 926 1728 me
951 1680 1173 1743 perferre
1200 1680 1410 1742 patique

144 1747 420 1813 Indignum
433 1747 663 1812 coges?'’
736 1753 763 1773 “
782 1747 1028 1795 Adimam
1046 1747 1192 1795 bona.
1206 1748 1234 1774 ''
1305 1746 1543 1810 “Nempe
1556 1759 1726 1809 pecus,

344 1829 465 1875 rem,
1665 1816 1725 1867 75

141 1881 347 1942 LectOS,
376 1889 679 1947 argentum:
716 1883 871 1931 tollas
898 1882 1067 1931 licet.''
1140 1886 1167 1907 “
1187 1882 1249 1930 In
1276 1881 1494 1930 manicis
1519 1885 1573 1929 et

145 1951 493 2016 Compedibus
520 1967 677 2000 saevo
705 1957 755 1999 te
782 1951 877 1998 sub
904 1950 1117 1998 custode
1144 1950 1382 1998 tenebo.’'

144 2024 173 2044 ‘⁴
191 2019 311 2083 Ipse
336 2020 478 2079 deuS,
507 2019 660 2068 simul
689 2024 842 2082 atque
870 2018 1057 2076 volam,
1087 2033 1167 2065 me
1197 2017 1414 2065 solvet.'’
1487 2015 1683 2079 Opinor

143 2085 260 2136 Hoc
284 2087 473 2137 sentit:
512 2092 539 2112 ‘⁴
562 2086 813 2136 Moriar.”
885 2085 1032 2134 Mors
1059 2085 1245 2133 ultima
1270 2085 1406 2133 linea
1431 2099 1603 2132 rerum
1627 2085 1719 2131 est.

836 2263 1021 2315 XVII.

143 2377 406 2441 Quamvis,
437 2377 648 2437 Scaeva,
677 2376 804 2427 satis
829 2392 919 2440 per
943 2382 993 2425 te
1020 2376 1113 2425 tibi
1142 2375 1381 2436 consulis,
1410 2378 1463 2423 et
1488 2373 1588 2423 scis

144 2447 258 2508 Quo
283 2447 491 2494 tandem
516 2453 667 2511 pacto
694 2447 873 2494 deceat
898 2445 1177 2507 majoribus
1205 2445 1296 2502 uti,

139 2511 311 2571 Disce,
339 2513 596 2562 docendus
627 2514 794 2562 adhuc
822 2528 951 2576 quae
979 2517 1153 2561 censet
1179 2511 1442 2569 amiculae,
1470 2515 1528 2558 ut
1559 2509 1602 2556 si

143 2580 339 2630 Caecus
366 2582 463 2629 iter
488 2587 772 2630 monstrare
799 2580 957 2642 velit3
996 2585 1168 2628 tamen
1198 2579 1365 2642 aspice
1393 2578 1432 2625 si
1461 2577 1586 2641 quid

141 2647 212 2697 Et
236 2663 343 2708 nos,
369 2649 505 2713 quod
531 2665 677 2699 cures
702 2649 961 2714 proprium
990 2648 1184 2707 secisse,
1214 2647 1495 2709 loquamur.
1688 2640 1718 2688 5

211 2784 266 2834 Si
292 2790 341 2833 te
369 2790 521 2848 grata
546 2784 689 2848 quies
714 2789 767 2833 et
792 2783 1006 2847 primam
1035 2797 1247 2830 somnus
1275 2781 1323 2828 in
1354 2780 1531 2828 horam

186 2915 231 2952 61
256 2916 404 2953 iustum
427 2919 691 2965 nanctumque
796 2914 843 2952 63
864 2923 1054 2965 quo..quo
1160 2911 1208 2949 64
1235 2911 1406 2948 dimittit
1512 2910 1559 2946 66
1580 2908 1683 2945 vivit
