1878 3054
200 233 204 238 .
234 185 335 237 162
695 196 934 250 ῌΟΒΑΤΙ
977 194 1200 234 sAT1RA
1213 197 1346 236 Rvn

231 329 361 378 Cum
387 333 559 391 stupet
584 329 780 377 insanis
807 329 941 376 acies
967 329 1250 391 fulgoribus
1274 333 1326 377 et
1350 345 1465 377 cum
1742 329 1771 375 5
1854 361 1861 365 -

229 396 454 444 Acclinis
480 397 621 443 falsis
648 397 849 442 animus
874 396 1083 443 meliora
1107 402 1319 456 recusat,

228 462 419 510 Verum
448 463 528 510 hic
554 463 796 525 impransi
822 479 1018 510 mecum
1043 463 1322 525 disquirite.
1399 463 1502 512 Cur
1526 461 1659 512 hoc?

228 530 423 588 Dicam,
451 530 492 576 si
516 535 703 592 potero.
778 530 915 576 Male
941 545 1117 576 verum
1143 531 1401 577 examinat
1427 532 1591 578 omnis

231 597 514 659 Corruptus
531 598 700 658 judex.
777 597 1023 658 Leporem
1051 602 1276 644 sectatus
1301 613 1495 660 equove

229 664 423 711 Lassus
450 665 511 711 ab
538 664 798 722 indomito,
827 664 921 722 vel,
951 664 994 710 si
1022 664 1257 711 Romana
1281 664 1465 726 fatigat
1716 663 1776 709 10

229 731 419 778 Militia
443 732 711 778 adsuetum
738 731 980 793 graecari,
1008 746 1097 778 seu
1123 731 1227 793 pila
1251 731 1413 791 velox,

228 798 457 845 Molliter
481 805 740 846 austerum
769 799 937 845 studio
963 799 1170 845 fallente
1195 799 1432 857 laborem,

230 865 330 912 Seu
354 870 403 912 te
430 866 598 912 discus
624 867 745 927 agit,
772 871 886 927 pete
912 866 1175 913 cedentem
1201 869 1314 913 aera
1338 867 1506 928 disc03

231 931 359 980 Cum
386 933 528 980 labor
551 933 804 980 extuderit
829 932 1047 990 fastidia,
1076 933 1252 990 siccus,
1279 933 1448 980 inanis

231 999 422 1061 Sperne
449 1000 614 1047 cibum
643 1000 824 1059 vilem3
861 1000 959 1046 nisi
987 999 1255 1062 Hymettia
1278 1001 1430 1047 mella
1456 1000 1673 1048 Falerno
1721 999 1778 1046 15

229 1066 308 1113 Ne
334 1067 521 1114 biberis
546 1067 723 1114 diluta.
798 1067 944 1113 Foris
969 1072 1048 1114 est
1071 1082 1294 1130 promus,
1321 1073 1372 1114 et
1398 1073 1565 1114 atrum

229 1133 519 1181 Defendens
538 1135 702 1197 pisces
729 1133 921 1181 hiemat
946 1149 1113 1181 mare:
1150 1149 1265 1181 cum
1290 1134 1395 1182 sale
1420 1135 1566 1197 panis

229 1200 527 1248 Latrantem
555 1201 870 1248 stomachum
897 1201 1022 1247 bene
1046 1201 1211 1249 leniet.
1286 1200 1434 1249 Unde
1458 1207 1610 1264 putas
1635 1209 1721 1251 aut

231 1268 330 1329 Qui
352 1266 593 1331 partum?
665 1267 783 1315 Non
808 1268 860 1315 in
885 1283 1002 1315 caro
1029 1269 1201 1316 nidore
1227 1268 1464 1331 voluptas

231 1336 454 1393 Summa,
473 1336 561 1382 sed
587 1335 637 1381 in
664 1340 713 1382 te
738 1335 848 1397 ipso
873 1340 964 1382 est.
1038 1335 1115 1382 Tu
1139 1335 1482 1397 pulmentaria
1506 1351 1691 1398 qua-ere
1724 1333 1786 1379 20

231 1402 506 1463 Sudando3
541 1403 784 1465 pinguem
810 1402 952 1450 vitiis
978 1402 1249 1465 albumque
1275 1417 1435 1465 neque
1462 1410 1631 1450 ostrea

229 1469 338 1517 Nec
364 1485 538 1517 scarus
562 1475 652 1516 aut
676 1469 864 1531 poterit
885 1469 1152 1532 peregrina
1166 1471 1346 1531 juvare
1372 1470 1547 1531 lagois.

230 1537 336 1584 Vix
359 1543 531 1584 tamen
555 1536 778 1599 eripiam,
805 1537 973 1598 posito
997 1551 1208 1599 pavone,
1237 1536 1365 1583 velis
1390 1536 1510 1599 quin

230 1604 344 1651 Hoc
369 1605 540 1666 potius
565 1619 717 1666 quam
743 1603 936 1664 gallina
959 1608 1153 1665 tergere
1178 1603 1422 1665 palatum,

232 1670 512 1732 Corruptus
538 1671 686 1717 vanis
708 1685 887 1727 rerum,
916 1669 1034 1733 quia
1059 1676 1240 1718 veneat
1265 1686 1385 1718 auro
1730 1666 1791 1713 25

231 1738 371 1785 Rara
396 1738 520 1795 avis,
546 1743 598 1784 et
621 1737 761 1799 picta
783 1738 978 1799 pandat
1002 1737 1292 1799 spectacula
1317 1739 1506 1799 cauda;

231 1805 512 1867 Tamquam
534 1805 595 1851 ad
615 1819 721 1851 rem
742 1804 956 1851 attineat
975 1805 1256 1866 quicquam.
1296 1805 1435 1852 Num
1452 1805 1672 1852 vesceris
1693 1805 1793 1852 ista
1866 1858 1878 1870 ⁴

233 1873 397 1932 Quam
425 1872 604 1918 laudas
626 1869 836 1934 pluma?
910 1870 1067 1918 Cocto
1094 1886 1214 1918 num
1241 1872 1385 1919 adest
1411 1872 1570 1918 honor
1595 1870 1768 1918 idem?

233 1939 398 1987 Carne
422 1944 594 1986 tamen
619 1938 854 2000 quamvis
880 1938 1040 1985 distat
1064 1938 1189 1984 nihil
1214 1938 1308 1985 hac
1334 1939 1501 2000 magis
1526 1938 1626 1995 illa,
1807 1946 1810 1947 ’

231 2006 520 2066 Imparibus
542 2005 716 2052 formis
741 2005 1005 2067 deceptum
1032 2010 1083 2052 te
1108 2009 1262 2066 patet.
1337 2005 1492 2053 Esto:
1729 2010 1792 2054 30
1868 2019 1878 2073 '‘-

233 2072 382 2119 Unde
408 2073 582 2119 datum
610 2071 784 2129 sentis,
811 2071 964 2133 lupus
989 2071 1070 2118 hic
1096 2072 1363 2119 Tiberinus
1389 2088 1452 2119 an
1478 2072 1580 2118 alto

237 2139 433 2200 Captus
460 2137 600 2185 hiet?
637 2143 882 2200 pontesne
909 2138 1038 2185 inter
1055 2140 1280 2199 jactatus
1305 2154 1368 2185 an
1394 2139 1559 2186 amnis

235 2205 382 2253 Ostia
408 2206 501 2251 sub
527 2203 717 2252 Tusci?
790 2204 1013 2263 Laudas,
1040 2205 1231 2263 insane,
1257 2206 1506 2252 trilibrem

237 2273 469 2329 Mullum,
491 2272 543 2318 in
569 2272 771 2334 singula
796 2287 941 2333 quem
967 2273 1166 2318 minuas
1190 2272 1453 2334 pulmenta
1476 2286 1680 2319 necesse
1700 2271 1790 2318 est.

234 2339 389 2387 Ducit
413 2344 462 2385 te
489 2340 696 2400 species,
724 2339 900 2385 video:
938 2354 1036 2400 quo
1061 2339 1278 2400 pertinet
1302 2354 1422 2400 ergo
1735 2340 1798 2387 35

236 2407 478 2454 Proceros
504 2407 670 2452 odisse
695 2404 880 2467 lupos?
954 2406 1087 2465 Quia
1111 2406 1302 2452 scilicet
1327 2406 1429 2452 illis

235 2473 481 2534 Majorem
506 2479 690 2518 natura
713 2473 919 2518 modum
945 2473 1099 2530 dedit,
1127 2472 1207 2519 his
1234 2473 1385 2519 breve
1410 2472 1624 2534 pondus.

235 2541 270 2587 J
274 2542 450 2600 ejunus
474 2554 588 2586 raro
614 2538 907 2585 stomachus
933 2539 1166 2600 volgaria
1189 2540 1383 2587 temnit.

237 2611 265 2630 “
287 2607 574 2652 Porrectum
600 2620 787 2666 magno
813 2620 1056 2667 magnum
1083 2610 1310 2667 spectare
1335 2606 1503 2653 catino

235 2673 485 2732 Vellem,''
506 2673 579 2719 ait
599 2672 847 2734 Harpyiis
871 2673 992 2733 gula
1010 2673 1165 2734 digna
1182 2673 1464 2734 rapacibus
1530 2672 1605 2720 At
1623 2685 1716 2718 vos
1735 2668 1800 2719 40

331 2799 380 2836 14
398 2799 588 2835 extulerit
689 2798 735 2833 21
756 2798 873 2833 viciis
976 2799 1023 2834 23
1043 2798 1205 2834 tandem
1309 2798 1356 2833 29
1375 2797 1434 2833 nil
1537 2797 1585 2832 29
1603 2797 1715 2832 illam

564 2849 610 2885 30
629 2851 764 2896 petere
916 2849 964 2884 35
983 2849 1081 2899 quid
1233 2849 1280 2884 38
1301 2848 1474 2897 tempnit
