1878 3054
751 168 875 209 ΜΒ.
913 169 956 208 1.
997 158 1034 209 4
1573 159 1674 213 141

110 303 384 369 Ingenium
407 303 488 353 cui
513 303 595 363 sit,
622 303 703 352 cui
727 318 874 352 mens
903 303 1128 353 divinior
1151 308 1304 367 atque
1329 318 1388 352 os

110 372 307 436 Magna
331 377 647 431 sonaturum,
674 371 766 419 des
789 371 1012 419 nominis
1039 372 1190 434 hujus
1215 371 1474 422 honorem.

110 439 306 488 Idcirco
330 438 544 503 quidam
564 439 828 487 comoedia
851 454 1008 487 necne
1032 442 1214 502 poema
1582 440 1585 443 “
1618 438 1680 485 45

110 506 265 555 Esset
287 506 600 570 quaesivere,
629 506 766 569 quod
791 521 906 554 acer
929 507 1143 568 spiritus
1169 522 1226 554 ac
1253 507 1332 554 vis

109 573 220 623 Nec
242 574 410 622 verbis
434 589 527 622 nec
550 574 704 622 rebus
728 574 878 631 inest,
905 573 1006 621 nisi
1033 574 1166 636 quod
1194 575 1322 637 pede
1347 578 1485 621 certo

109 641 290 690 Differt
313 641 550 699 sermoni,
578 655 745 688 sermo
769 656 954 690 merus.
1031 641 1151 688 “At
1175 648 1323 705 pater
1348 642 1532 689 ardens

109 708 299 768 Saevit,
325 708 460 772 quod
484 709 749 756 meretrice
773 724 935 772 nepos
959 709 1173 756 insanus
1198 708 1363 756 amica

107 775 272 824 Filius
294 791 504 824 uxorem
529 776 713 839 grandi
738 791 855 824 cum
880 777 999 825 dote
1023 781 1236 835 recuset,
1618 775 1682 824 50

107 843 295 892 Ebrius
317 852 371 891 et
396 843 668 906 (magnum
691 844 827 907 quod
853 842 1097 904 dedecus)
1125 843 1352 891 ambulet
1376 848 1495 892 ante

106 910 323 960 Noctem
346 926 463 959 cum
487 911 734 960 facibuS.’'
804 911 1068 975 Numquid
1094 910 1412 975 Pomponius
1435 911 1551 959 istis

105 978 328 1030 Audiret
352 979 562 1038 leviora,
587 984 734 1043 pater
757 979 801 1027 si
827 977 1060 1027 viveret?
1133 979 1273 1041 Ergo

107 1045 227 1096 Nou
251 1046 381 1094 satis
404 1052 486 1094 est
509 1047 651 1111 puris
675 1062 883 1094 versum
908 1046 1218 1110 perscribere
1246 1046 1431 1106 verbis,

108 1114 272 1176 Quem
297 1114 343 1161 si
369 1114 639 1173 dissolvas,
666 1114 838 1178 quivis
864 1113 1214 1162 stomachetur
1237 1115 1417 1161 eodem
1617 1113 1679 1160 55

108 1182 221 1243 Quo
245 1186 552 1245 personatus
576 1188 727 1245 pacto
750 1187 907 1246 pater.
983 1181 1098 1240 His,
1126 1196 1222 1243 ego
1249 1196 1377 1244 quae
1403 1195 1552 1239 nunc,

107 1247 244 1296 Olim
268 1264 399 1312 quae
425 1250 632 1312 scripsit
658 1249 903 1308 Lucilius,
931 1249 1121 1312 eripias
1147 1249 1191 1296 si

106 1315 358 1380 Tempora
381 1321 522 1364 certa
545 1316 840 1380 modosque,
863 1321 916 1364 et
939 1316 1076 1379 quod
1094 1316 1237 1380 prius
1263 1316 1440 1363 ordine
1461 1317 1676 1363 verbum

303 1388 386 1432 est

100 1449 370 1499 ‘Posterius
396 1451 570 1511 facias,
596 1467 918 1515 praeponens
942 1452 1128 1500 ultima
1153 1451 1350 1515 primis,

106 1517 238 1577 Non,
265 1524 323 1567 ut
346 1519 391 1567 si
416 1519 589 1567 solvas
615 1523 643 1544 “
662 1520 942 1582 Postquam
969 1520 1252 1568 Discordia
1275 1523 1442 1567 taetra
1614 1525 1676 1572 60

107 1586 248 1635 Belli
268 1584 512 1649 ferratos
528 1591 705 1650 postes
719 1592 1000 1650 portasque
1025 1585 1299 1650 refreqit,”

106 1652 352 1703 Invenias
375 1654 534 1702 etiam
559 1654 758 1716 disjecti
783 1654 1010 1702 membra
1034 1656 1229 1718 poetae.

173 1794 443 1845 Hactenus
468 1795 623 1844 haec:
662 1796 792 1844 alias
820 1797 1018 1858 justum
1046 1796 1116 1844 sit
1143 1810 1300 1843 necne
1324 1800 1520 1858 poema,

107 1862 259 1911 Nunc
283 1862 411 1912 illud
435 1868 639 1912 tantum
664 1878 923 1927 quaeram,
950 1863 1198 1910 meritone
1223 1862 1315 1910 tibi
1342 1861 1409 1909 sit

112 1929 415 1995 Suspectum
442 1946 606 1994 genus
633 1930 729 1978 hoc
755 1930 1022 1979 scribendi.
1100 1929 1302 1978 Sulcius
1329 1944 1443 1976 acer
1614 1928 1676 1977 65

109 1997 357 2046 Ambulat
380 2003 434 2046 et
460 1998 692 2061 Caprius,
720 1998 860 2046 rauci
885 1998 1017 2046 male
1043 2012 1259 2060 cumque
1285 1996 1484 2054 libellis,

109 2063 337 2127 Magnus
362 2070 574 2129 uterque
599 2066 756 2113 timor
779 2065 1065 2113 latronibus
1086 2082 1097 2127 ;
1138 2071 1192 2112 at
1215 2065 1345 2112 bene
1372 2064 1412 2110 si
1442 2062 1559 2126 quis

108 2130 181 2180 Et
204 2132 348 2181 vivat
370 2132 514 2196 puris
538 2133 789 2190 manibus,
818 2138 1113 2181 contemnat
1138 2138 1423 2195 utrumque.

109 2197 184 2247 Ut
208 2199 282 2247 sis
305 2204 363 2248 tu
388 2200 573 2247 similis
600 2200 744 2249 Caeli
771 2200 1007 2263 Birrique
1032 2201 1304 2258 latronum,

110 2264 228 2315 Non
251 2282 349 2330 ego
376 2282 491 2315 sum
520 2267 674 2331 Capri
699 2284 861 2332 neque
891 2267 1057 2317 Sulci:
1096 2282 1185 2316 cur
1208 2271 1409 2314 metuas
1433 2263 1553 2313 me?
1616 2263 1677 2314 70

109 2331 267 2382 Nulla
289 2334 503 2383 taberna
527 2350 667 2383 meos
692 2336 883 2384 babeat
907 2350 1070 2398 neque
1094 2335 1201 2398 pila
1224 2334 1439 2390 libellos,

112 2398 236 2462 Quis
260 2416 442 2450 manus
467 2403 672 2451 insudet
696 2403 836 2466 volgi
863 2403 1311 2465 Hermogenisque
1337 2399 1551 2461 Tigelli:

110 2463 218 2516 Nec
242 2469 397 2517 recito
422 2470 661 2532 cuiquam
688 2471 786 2517 nisi
816 2471 1009 2529 amicis,
1038 2470 1190 2534 idque
1216 2473 1439 2525 coactus,

110 2531 227 2582 Non
253 2536 421 2584 ubivis
445 2551 681 2585 coramve
708 2538 1037 2600 quibuslibet.
1112 2537 1172 2585 In
1199 2536 1368 2584 medio
1394 2533 1480 2596 qui

111 2598 310 2665 Scripta
334 2603 440 2651 soro
465 2604 679 2652 recitent
704 2609 825 2652 sunt
849 2605 1013 2663 multi,
1041 2605 1226 2667 quique
1253 2603 1517 2649 lavantes:
1619 2597 1644 2648 ’ἴ
1651 2598 1679 2645 5

113 2666 280 2717 Suave
306 2669 446 2718 locus
472 2671 583 2718 voci
609 2676 814 2718 resonat
839 2672 1123 2719 conclusus.
1196 2670 1386 2718 Inanes

114 2733 226 2783 Hoc
252 2737 417 2799 juvat,
447 2736 584 2786 haud
609 2737 734 2786 illud
760 2743 1077 2801 quaerenteS,
1105 2752 1225 2785 num
1252 2737 1361 2783 sine
1389 2747 1557 2792 sensu,

182 2875 232 2913 49
251 2876 404 2914 insanit
507 2877 554 2914 00
575 2881 682 2915 tetra
784 2878 831 2916 70
853 2879 927 2915 sim
1034 2877 1080 2916 73
1101 2877 1264 2914 recitem
1370 2873 1417 2912 75
1437 2873 1611 2909 recitant
