1878 3054
135 147 204 199 60

595 161 836 200 HORA'I'I
880 161 1228 202 CARMINVM

335 292 408 341 At
445 291 567 340 fides
602 296 654 340 et
689 293 860 355 ingeni

401 359 634 421 Benigna
669 375 800 407 vena
835 365 928 418 est,
965 375 1339 425 pauperemque
1373 363 1519 411 dives
1611 366 1672 414 10

335 426 423 474 Me
458 427 619 490 petit3
657 426 782 474 nihil
819 441 972 490 supra

403 494 540 541 Deos
575 494 784 552 lacesso,
825 510 915 542 nec
950 499 1212 558 potentem
1249 495 1468 545 amicum

334 558 588 623 Largiora
624 561 813 623 flagito,

405 627 546 676 Satis
581 629 761 676 beatus
798 629 963 676 unicis
1002 628 1222 678 Sabinis

335 694 581 743 Truditur
616 695 723 743 dies
759 696 852 755 die,
1611 700 1671 746 15

402 761 452 809 N
456 777 682 825 ovaeque
718 767 940 825 pergunt
974 763 1178 812 interire
1212 763 1394 813 lunae:

338 828 419 877 Tu
454 830 674 877 secanda
707 845 964 878 marmora

404 895 569 944 Locas
606 897 701 944 sub
738 898 907 960 ipsum
944 897 1110 957 funus,
1147 901 1201 946 et
1235 897 1493 960 sepulchri

337 962 614 1011 Immemor
651 966 807 1012 struis
844 965 1037 1023 domos,

404 1030 662 1093 Marisque
701 1031 825 1079 Bais
863 1031 1205 1095 obstrepentis
1239 1046 1392 1095 urges
1613 1032 1675 1079 20

341 1095 670 1146 Summovere
709 1099 869 1157 litora,
1427 1134 1443 1155 f
1560 1102 1733 1188 'WJQ
1749 1148 1758 1152 ,
1819 1139 1826 1146 .

407 1164 595 1212 Parum
629 1165 855 1229 locuples
891 1166 1180 1214 continente
1214 1164 1340 1229 ripa.
1411 1159 1490 1216 l.
1492 1168 1560 1195 ἢ

342 1231 478 1293 Quid
514 1232 648 1294 quod
687 1248 846 1295 usque
882 1233 1137 1295 proximos

142 1310 177 1357 ῃ*
320 1336 334 1340 ⁷>
406 1299 633 1346 Revellis
673 1301 781 1361 agri
818 1300 1074 1358 terminos,
1111 1303 1163 1346 et
1197 1298 1333 1347 ultra

138 1377 148 1384 “
255 1380 258 1383 ’
340 1364 555 1413 Limites
592 1366 854 1414 clientium
1613 1365 1675 1414 25

218 2491 314 2692 ll

410 1432 544 1480 Salis
581 1431 804 1481 avarus?
877 1433 1091 1481 Pellitur
1123 1435 1363 1496 paternos

341 1499 404 1548 In
440 1499 554 1547 sinu
591 1500 756 1547 ferens
793 1499 916 1548 deos

409 1567 479 1614 Et
513 1581 638 1614 uxor
676 1573 727 1614 et
762 1567 840 1614 vir
875 1567 1204 1630 sordidosque
1239 1569 1405 1616 natos.

342 1633 500 1681 Nulla
536 1634 720 1680 certior
754 1638 925 1681 tamen

410 1700 634 1762 Rapacis
673 1699 790 1748 Orci
827 1700 920 1748 fine
957 1701 1214 1752 destina-ta
1616 1700 1676 1747 30

343 1767 482 1816 Aula
517 1767 728 1815 divitem
764 1772 935 1816 manet

413 1835 621 1882 Herum.
699 1835 833 1895 Quid
860 1835 995 1884 ultra
1017 1835 1223 1886 tendis?
1294 1836 1480 1901 Aequa
1502 1837 1654 1885 tellus

346 1901 566 1963 Pauperi
602 1902 878 1949 recluditur

410 1968 710 2031 Regumque
750 1969 936 2031 pueris,
975 1985 1066 2018 nec
1102 1971 1305 2020 satelles
1341 1969 1460 2019 Orci

349 2033 603 2082 Callidum
644 2035 952 2083 Promethea
1614 2039 1675 2087 35

412 2101 634 2149 Revexit
671 2117 793 2149 auro
830 2107 1022 2164 captus.
1097 2104 1200 2152 Hic
1236 2104 1508 2168 superbum

345 2167 620 2216 Tantalum
658 2173 806 2231 atque
845 2169 1049 2217 Tantali

414 2234 587 2283 Genus
623 2240 847 2296 coercet;
883 2235 965 2284 hic
999 2236 1168 2284 levare
1204 2236 1433 2284 functum

348 2301 630 2363 Pauperem
665 2301 923 2349 laboribus

413 2367 641 2418 Vocatus
679 2373 829 2431 atque
866 2384 967 2416 non
1004 2373 1214 2417 vocatus
1250 2369 1408 2418 audit.
1616 2372 1676 2418 40

849 2581 1004 2630 XIX.

346 2683 603 2732 Bacchum
628 2683 680 2730 in
705 2684 911 2731 remotis
936 2684 1160 2731 carmina
1181 2684 1392 2748 rupibus

347 2750 471 2799 Vidi
505 2751 783 2810 docentem,
801 2751 984 2798 credite
1018 2751 1224 2814 posteri,

399 2869 446 2904 20
467 2868 578 2905 Baiis
780 2868 828 2904 25
847 2868 1015 2904 limitem
1219 2867 1266 2905 30
1286 2867 1378 2904 sede
