1878 3054
732 0 751 26 'J'
757 8 774 23 x,
779 0 796 17 ='
841 0 863 23 s

746 29 769 39 w
776 27 795 41 ‚a

1159 64 1272 98 ‘fil‘

1155 97 1198 108 -ῆ,

185 240 190 244 .
232 175 336 227 166
683 186 923 225 ΗοΒΑΤΙ
966 185 1335 227 εΑΤΙΒΑΒνΜ

232 319 592 367 Saturnalibus
618 318 716 365 huc
742 318 933 380 fugisti.
1007 317 1216 366 Sobrius
1240 333 1360 381 ergo
1765 319 1794 366 5

231 385 326 433 Dic
353 386 545 447 aliquid
573 386 783 447 dignum
808 384 1104 448 promissis!
1176 385 1380 448 Incipe!
1451 387 1538 434 Nil
1563 392 1654 435 est.

233 453 519 514 Culpantur
544 453 731 499 frustra
755 453 947 510 calami,
976 452 1358 515 immeritusque
1384 454 1580 502 laborat

232 520 386 567 Iratis
413 526 562 566 natus
588 519 754 581 paries
780 520 859 566 dis
886 525 1037 581 atque
1062 519 1238 581 poetis.

231 587 393 649 Atqui
421 587 590 634 voltus
616 593 726 633 erat
752 587 914 633 multa
939 592 991 632 et
1012 586 1272 648 praeclara
1297 587 1554 647 minantis,

233 653 287 701 Si
316 669 532 701 vacuum
558 654 728 716 tepido
756 654 975 716 cepisset
1001 653 1179 700 villula
1205 658 1352 701 tecto.
1736 656 1795 702 10

234 721 490 781 Quorsum
514 721 759 783 pertinuit
785 722 974 782 stipare
1005 720 1221 767 Platona
1246 720 1544 779 Menandro,

232 786 468 850 Eupolin,
497 787 880 845 Archilochum,
908 787 1119 835 comites
1145 788 1356 834 educere
1381 787 1590 839 tantos?

230 854 486 901 Invidiam
513 854 710 916 placare
736 870 888 917 paras
915 855 1103 901 virtute
1128 853 1336 902 relicta?
1358 887 1385 905 -.
1444 868 1466 877 “’
1485 861 1529 905 ⁸,

233 921 583 980 Contemnere,
607 921 784 970 miser!
857 922 1086 968 Vitanda
1110 927 1190 968 est
1213 921 1443 983 improba
1468 921 1613 969 Siren

232 988 456 1045 Desidia,
486 994 575 1035 aut
601 989 842 1051 quicquid
871 989 977 1035 vita
1001 988 1206 1035 meliore
1231 988 1424 1051 parasti
1736 989 1795 1037 15

233 1055 531 1102 Ponendum
577 1071 735 1118 aequo
781 1056 961 1104 animo.
1034 1055 1211 1103 Horat.
1258 1055 1327 1102 Di
1362 1060 1427 1115 te,
1466 1055 1788 1120 Damasippe,

431 1123 653 1185 deaeque

230 1188 423 1236 Verum
449 1190 512 1236 ob
538 1191 803 1237 consilium
831 1191 1022 1238 donent
1045 1193 1262 1237 tonsore.
1339 1188 1438 1237 Sed
1465 1191 1596 1237 unde

233 1256 362 1304 Tam
388 1257 514 1303 bene
540 1272 618 1303 me
645 1256 818 1306 nosti?
890 1259 1041 1305 Dam.
1076 1256 1359 1318 Postquam
1389 1257 1552 1304 omnis
1576 1273 1655 1305 res
1681 1274 1793 1306 mea

432 1324 466 1371 J
472 1339 625 1370 anum

232 1391 317 1439 Ad
343 1391 565 1438 medium
591 1392 749 1438 fracta
775 1395 866 1449 est,
895 1390 1058 1437 aliena
1081 1390 1288 1452 negotia
1313 1405 1446 1449 curo,

232 1458 494 1506 Excussus
518 1459 750 1520 propriis,
827 1457 963 1505 Olim
989 1473 1107 1504 nam
1133 1472 1372 1520 quaerere
1398 1458 1645 1517 amabam,
1733 1455 1794 1507 20

234 1526 348 1586 Quo
375 1525 516 1572 vafer
541 1525 622 1572 ille
648 1526 803 1587 pedes
830 1524 1041 1571 lavisset
1068 1523 1321 1586 Sisyphus
1346 1539 1472 1583 aere,

234 1592 369 1653 Quid
395 1592 645 1654 sculptum
675 1592 882 1648 infabre,
911 1591 1031 1653 quid
1057 1591 1226 1637 fusum
1253 1591 1430 1638 durius
1455 1597 1622 1654 esset;

235 1659 464 1706 Callidus
490 1659 606 1705 huic
632 1659 779 1720 signo
805 1659 1055 1720 ponebam
1083 1657 1224 1704 milia
1251 1662 1485 1720 centum;

234 1725 427 1773 Hortos
451 1726 788 1788 egregiasque
814 1725 992 1772 domos
1018 1725 1286 1772 mercarier
1312 1739 1443 1772 unus

236 1791 367 1840 Cum
391 1792 526 1840 lucro
552 1807 727 1839 noram
749 1810 760 1853 ;
801 1792 930 1839 unde
957 1791 1238 1854 frequentia
1261 1790 1563 1839 Mercuriale
1734 1794 1796 1840 25

234 1858 527 1921 Imposuere
555 1859 679 1906 mihi
705 1874 985 1921 cognomen
1011 1859 1244 1921 compita.
1316 1858 1493 1906 Horat.
1522 1859 1674 1918 Novi,

234 1925 304 1972 Et
329 1926 482 1973 miror
507 1927 667 1973 morbi
694 1933 970 1988 purgatum
996 1932 1046 1973 te
1073 1926 1221 1972 illius.
1294 1926 1444 1973 Dam.
1473 1925 1637 1988 Atqui

234 1992 443 2040 Emovit
470 1999 690 2040 veterem
717 1993 839 2040 mire
866 2007 1044 2050 novus,
1072 1998 1129 2039 ut
1155 1992 1298 2049 solet,
1326 1992 1379 2038 in
1403 2006 1487 2040 cor

234 2058 462 2120 Trajecto
488 2061 659 2107 lateris
685 2060 856 2106 miseri
883 2060 1130 2122 capitisve
1156 2059 1341 2117 dolore,

234 2124 309 2173 Ut
333 2126 644 2188 lethargicus
670 2127 749 2173 hic
775 2141 890 2173 cum
917 2126 970 2172 fit
996 2127 1139 2190 pugil
1165 2131 1215 2173 et
1240 2098 1489 2173 medicum
1515 2130 1674 2188 urget.
1736 2128 1799 2173 30

232 2193 409 2240 Horat.
441 2193 577 2240 Dum
598 2209 657 2240 ne
679 2194 801 2255 quid
822 2193 984 2240 simile
1006 2193 1136 2253 huic,
1157 2198 1268 2240 esto
1289 2198 1346 2239 ut
1364 2193 1537 2240 hbet
1493 2227 1528 2258 s
1540 2195 1715 2241 Dam.
1752 2190 1796 2240 O

435 2260 578 2316 bone,
606 2267 742 2307 nete

233 2325 528 2386 Frustrere;
564 2327 759 2374 insanis
783 2330 834 2373 et
858 2331 929 2383 tu,
957 2328 1200 2388 stultique
1224 2341 1378 2388 prope
1405 2341 1593 2385 omnes,

234 2392 287 2440 Si
312 2393 432 2455 quid
462 2393 736 2440 Stertinius
763 2394 869 2440 veri
896 2398 1082 2455 crepat,
1112 2393 1244 2440 unde
1269 2407 1365 2454 ego
1390 2393 1519 2440 mira

234 2459 491 2522 Descripsi
516 2461 693 2507 docilis
717 2466 986 2523 praecepta
1013 2460 1148 2517 haec,
1175 2465 1402 2521 tempore
1427 2474 1527 2522 quo
1553 2474 1633 2506 me

232 2525 441 2573 Solatus‘
455 2528 611 2588 jussit
636 2528 918 2588 sapientem
942 2542 1147 2589 pascere
1174 2527 1384 2573 barbam
1743 2527 1803 2574 35

232 2593 400 2654 Atque
427 2609 457 2640 a
483 2593 714 2640 Fabricio
739 2609 840 2640 non
865 2594 1060 2640 tristem
1086 2598 1240 2656 ponte
1266 2592 1465 2640 reverti.

231 2658 378 2717 Nam,
407 2661 534 2706 male
561 2675 612 2707 re
638 2667 796 2721 gesta,
826 2675 940 2706 cum
967 2661 1147 2707 vellem
1173 2660 1372 2707 mittere
1399 2663 1574 2721 operto

233 2723 316 2772 Me
343 2727 506 2789 capite
531 2727 583 2773 in
610 2726 807 2785 flumen,
836 2726 1008 2773 dexter
1033 2727 1175 2774 stetit
1199 2732 1250 2774 et
1276 2731 1303 2751 ‘⁶
1324 2725 1462 2774 Cave
1487 2725 1617 2772 faxis

380 2853 402 2886 5
423 2854 506 2887 esto
632 2851 681 2887 22
701 2852 898 2900 scalptum
1025 2852 1072 2887 29
1092 2851 1315 2901 capitisque
1434 2851 1482 2887 33
1501 2860 1639 2887 verum
