1878 3054
551 529 612 592 Q.
652 527 942 578 HORATI
979 528 1253 585 FLAccl

370 679 1527 790 SATIRARVMU

619 857 820 898 LIBER
844 857 1178 900 SECVNDVS

879 1130 921 1180 Ι.

118 1226 297 1279 Horat.
326 1224 460 1277 Sunt
483 1225 670 1290 quibus
694 1224 747 1272 in
773 1223 933 1272 satira
957 1223 1136 1272 videor
1159 1224 1313 1273 nimis
1339 1240 1453 1274 acer
1476 1230 1529 1275 et
1554 1226 1688 1275 ultra

24 1334 41 1346 r
116 1292 309 1359 Legem
331 1294 538 1343 tendere
562 1308 720 1357 opus3
757 1292 866 1338 sine
890 1292 1061 1340 nervis
1088 1292 1263 1353 alt-era,
1290 1294 1530 1358 quicquid

120 1359 411 1426 Composui‚
435 1376 555 1425 pars
578 1376 692 1409 esse
716 1364 880 1423 putat,
909 1359 1203 1422 similesque
1229 1376 1453 1409 meorum

117 1426 261 1478 Mille
287 1428 368 1477 die
394 1443 573 1477 versus
597 1427 777 1475 deduci
799 1441 965 1490 posse.
1040 1427 1264 1486 Trebati,

23 1491 53 1554 ἰ,
118 1494 253 1559 Quid
286 1496 471 1544 faciam
498 1495 796 1560 praescribe.
857 1494 1053 1543 Trebat.
1083 1495 1343 1556 Quiescas.
1393 1497 1577 1546 Horat.
1606 1496 1687 1545 Ne

313 1563 512 1622 faciam,
539 1563 720 1626 inquis,
1658 1567 1686 1613 5

20 1667 33 1674 .
118 1627 339 1680 Omnino
370 1628 587 1679 versus?
670 1629 866 1678 Trebat.
896 1628 1012 1677 Aio.
1085 1630 1265 1678 Horat.
1297 1631 1513 1679 Peream
1540 1631 1687 1691 male,

313 1698 356 1746 si
381 1713 483 1746 non

117 1762 382 1830 Optimum
416 1770 556 1827 erat3
594 1778 774 1813 verum
812 1778 1007 1827 nequeo
1045 1763 1278 1813 dormire.
1363 1766 1562 1814 Trebat.
1592 1765 1691 1814 Ter

314 1832 451 1880 uncti

117 1896 438 1949 Transnanto
464 1899 702 1957 Tiberim,
731 1913 911 1947 somno
938 1898 1125 1962 quibus
1150 1903 1230 1947 est
1255 1915 1383 1963 opus
1409 1900 1528 1962 alto,

116 1963 471 2031 Irriguumque
495 1981 635 2015 mero
661 1967 756 2014 sub
783 1971 985 2013 noctem
1015 1981 1197 2029 corpus
1224 1967 1461 2017 habento.

115 2031 240 2093 Aut,
265 2034 309 2083 si
332 2039 510 2083 tantus
537 2048 680 2082 amor
704 2033 954 2082 scribendi
982 2039 1032 2081 te
1058 2034 1204 2097 rapit,
1233 2035 1363 2083 aude
1634 2031 1694 2077 10

22 2146 28 2152 .
119 2098 355 2151 Caesaris
378 2100 557 2150 invicti
583 2116 664 2150 res
690 2102 870 2160 dicere,
898 2101 1063 2149 multa
1087 2101 1317 2150 laborum

118 2165 352 2217 Praemia
374 2169 585 2218 laturus,
659 2170 836 2218 Horat.
863 2168 1137 2232 Cupidum,
1160 2174 1308 2232 pater
1327 2169 1534 2232 optime,
1554 2170 1688 2218 vires

119 2231 399 2286 Deficiunt:
435 2252 598 2300 neque
624 2237 759 2285 enim
788 2237 959 2299 quivis
989 2236 1249 2284 horrentia
1271 2237 1390 2300 pilis

115 2299 343 2367 Agmina
366 2319 457 2353 nec
483 2306 645 2352 fracta
671 2309 943 2367 pereuntes
973 2305 1180 2367 cuspide
1209 2304 1389 2353 Gallos

116 2367 227 2418 Aut
248 2370 467 2420 labentis
490 2387 621 2435 equo
647 2372 903 2420 describat
934 2372 1139 2420 volnera
1167 2371 1362 2421 Parthi.
1627 2365 1687 2412 15

128 2434 321 2487 Trebat.
346 2440 592 2488 Attamen
618 2444 671 2487 et
688 2441 883 2501 justum
912 2444 1117 2502 poteras
1145 2446 1197 2487 et
1223 2439 1438 2487 scribere
1466 2439 1660 2497 fortem,

117 2499 403 2568 Scipiadam
420 2512 478 2555 ut
497 2507 699 2572 sapiens
720 2505 962 2554 Lucilius.
1004 2507 1185 2555 Horat.
1208 2506 1364 2554 Haud
1379 2506 1504 2553 mihi
1520 2506 1683 2565 dcem,

117 2566 245 2619 Cum
270 2586 351 2621 res
375 2574 487 2637 ipsa
512 2574 653 2622 feret.
727 2573 842 2621 Nisi
870 2573 1047 2621 dextro
1074 2579 1317 2636 tempore,
1348 2573 1517 2620 Flacci

116 2633 290 2687 Verba
311 2655 399 2703 per
425 2646 678 2689 attentam
705 2655 806 2687 non
832 2640 981 2688 ibunt
1009 2641 1248 2689 Caesaris
1276 2655 1466 2700 aurem,

116 2699 212 2752 cni
234 2706 364 2755 male
389 2707 431 2754 si
456 2708 672 2772 palpere,
700 2707 989 2756 recalcitrat
1016 2708 1237 2771 undique
1264 2712 1424 2755 tutus.
1627 2707 1687 2753 20

125 2816 149 2856 1
168 2818 304 2858 viden·
348 2821 393 2858 lo
412 2822 522 2873 capit
564 2824 609 2860 15
630 2822 834 2868 describit,
855 2822 1054 2860 describet
1099 2823 1147 2859 20
1167 2823 1337 2873 palpare
1383 2822 1429 2857 20
1448 2821 1673 2858 recalcitret

1439 2881 1518 2919 159
