1846 3034
148 201 256 255 230
303 191 307 198 ’
469 192 477 198 ’
557 208 796 248 HORATI
839 205 1286 246 EPISTVLARVM

150 346 294 394 Dura
319 344 407 392 sed
432 358 662 391 emovere
688 342 798 388 loco
822 355 902 388 me
928 344 1157 400 tempora
1182 343 1344 400 grato,

152 412 432 474 Civilisque
457 411 631 457 rudem
658 408 774 455 belli
799 408 921 455 tulit
947 412 1119 453 aestus
1145 405 1195 452 in
1222 419 1364 452 arma

153 479 388 528 Caesaris
415 476 642 538 Augusti
669 490 770 522 non
794 488 1099 535 responsura
1123 472 1340 520 lacertis.

153 547 302 594 Unde
329 544 479 592 simul
504 543 723 606 primum
748 557 826 588 me
853 540 1089 588 dimisere
1117 538 1355 602 Philippi,

153 613 354 662 Decisis
379 611 620 658 humilem
645 609 825 672 pennis
850 608 1152 670 inopemque
1175 605 1374 670 paterni
1646 607 1708 653 50

153 679 221 727 Et
246 679 365 727 laris
391 683 441 725 et
465 677 621 734 fundi,
650 679 924 738 paupertas
948 674 1152 736 impulit
1177 674 1357 732 audax,

153 746 227 794 Ut
253 761 428 794 versus
454 746 692 792 facerem:
731 742 820 789 sed
845 742 981 804 quod
1006 756 1107 788 non
1132 741 1264 788 desit
1290 740 1560 787 habentem

155 815 295 875 Quae
319 818 557 876 poterunt
583 824 825 872 umquam
850 809 977 856 satis
1000 822 1280 869 expurgare
1306 807 1515 864 cicutae,

152 880 223 929 Ni
248 880 428 927 melius
452 878 667 927 dormire
692 882 868 941 putem
895 891 1046 939 quam
1073 875 1286 922 scribere
1309 871 1527 922 versus?

224 1013 434 1077 Singula
459 1013 520 1060 de
546 1012 693 1059 nobis
720 1010 840 1059 anni
863 1010 1176 1074 praedantur
1198 1013 1376 1056 euntes
1399 1025 1411 1070 3
1649 1007 1711 1055 55

154 1081 398 1144 Eripuere
415 1082 572 1142 jocOS‚
602 1094 850 1136 venerem,
878 1078 1129 1134 convivia,
1156 1076 1364 1137 ludum3

155 1149 393 1196 Tendunt
416 1153 710 1208 extorquere
736 1150 997 1209 poemata:
1036 1144 1156 1206 quid
1182 1143 1364 1191 faciam
1388 1139 1508 1189 vis?

155 1216 388 1277 Denique
414 1230 513 1262 non
539 1228 713 1260 omnes
739 1213 915 1259 eadem
941 1211 1188 1258 mirantur
1212 1214 1510 1271 amantque:

158 1282 393 1330 Carmine
418 1286 474 1328 tu
500 1281 708 1342 gaudes,
739 1280 818 1327 hic
845 1279 1126 1326 delectatur
1148 1277 1345 1335 iambis,

155 1349 249 1396 Ille
276 1349 483 1396 Bioneis
511 1347 826 1394 sermonibus
852 1351 903 1392 et
929 1345 1033 1392 sale
1059 1345 1218 1407 nigro.
1653 1344 1714 1389 60

157 1416 281 1464 Tres
307 1416 431 1462 mihi
455 1414 701 1462 convivae
728 1428 882 1475 prope
909 1412 1175 1459 dissentire
1200 1411 1453 1469 videntur,

157 1483 434 1531 Poscentes
461 1481 599 1527 vario
624 1480 842 1527 multum
868 1479 1069 1526 diversa
1092 1478 1275 1539 palato.

158 1549 294 1612 Quid
319 1547 470 1596 dem?
497 1548 619 1610 quid
646 1562 747 1593 non
773 1544 927 1593 dem?
953 1545 1125 1592 renuis
1149 1550 1207 1592 tu
1233 1543 1367 1607 quod
1384 1543 1531 1605 jubet
1557 1541 1713 1603 alter3

160 1616 306 1678 Quod
330 1616 475 1680 petis,
502 1615 554 1662 id
580 1629 700 1661 sane
725 1618 805 1660 est
827 1613 1051 1660 invisum
1079 1611 1374 1674 acidumque
1402 1610 1614 1657 duobus.

226 1750 437 1797 Praeter
460 1754 670 1804 caetera,
698 1763 778 1795 me
805 1747 1067 1795 Romaene
1092 1748 1330 1808 poemata
1353 1758 1527 1791 censes
1652 1743 1714 1790 65

162 1816 387 1866 Scribere
411 1831 576 1879 posse,
603 1815 734 1862 inter
758 1819 837 1862 tot
862 1829 1008 1862 curas
1030 1818 1205 1875 totque
1230 1809 1463 1859 labores?

160 1884 262 1932 Hic
287 1898 528 1946 sponsum
555 1887 716 1940 vocat,
745 1881 824 1929 hic
852 1882 1079 1928 auditum
1106 1880 1292 1942 scripta
1317 1877 1506 1925 relictis

161 1950 411 1998 Omnibus
437 1949 609 1996 officiis
630 1966 641 2010 ;
678 1949 830 1996 cubat
856 1948 936 1995 hic
959 1948 1012 1994 in
1038 1947 1162 1994 colle
1189 1945 1402 2006 Quirini,

162 2017 262 2065 Hic
286 2022 509 2064 extremo
534 2016 587 2062 in
614 2016 890 2073 Aventino,
919 2014 1160 2061 visendus
1185 2018 1422 2074 uterque:

159 2084 438 2132 Intervalla
462 2083 604 2130 vides
631 2083 846 2129 humane
874 2080 1149 2128 commoda.
1224 2084 1250 2103 ‘⁴
1268 2079 1460 2126 Verum
1655 2075 1715 2126 70

162 2151 327 2198 Purae
353 2154 473 2197 sunt
495 2150 708 2211 plateae,
740 2148 863 2195 nihil
890 2152 947 2194 ut
971 2145 1337 2194 meditantibus
1363 2144 1579 2192 obstet.’'

161 2218 397 2265 Festinat
421 2217 615 2264 calidus
640 2215 791 2262 mulis
817 2214 1104 2277 gerulisque
1129 2213 1430 2274 redemptor,

162 2284 386 2346 Torquet
410 2299 542 2330 nunc
567 2283 788 2344 lapidem
815 2297 948 2329 nunc
973 2282 1152 2343 ingens
1178 2279 1415 2326 maehina
1435 2277 1651 2339 tignum,

163 2351 352 2399 Tristia
373 2351 597 2397 robustis
622 2350 878 2396 luctantur
902 2349 1079 2395 funera
1101 2346 1370 2410 plaustris,

162 2418 277 2466 Hac
301 2418 503 2464 rabiosa
527 2416 660 2477 fugit
685 2416 838 2473 canis,
867 2415 962 2462 hac
986 2414 1238 2461 lutulenta
1261 2413 1364 2459 ruit
1389 2426 1504 2459 sus:
1653 2409 1714 2459 75

161 2485 189 2534 I
215 2499 359 2542 nunc,
386 2489 437 2531 et
461 2498 640 2530 versus
664 2487 832 2529 tecum
858 2482 1103 2528 meditare
1129 2477 1367 2528 canoros!

164 2551 477 2614 Scriptorum
502 2550 684 2597 chorus
711 2548 876 2595 omnis
903 2552 1041 2595 amat
1066 2561 1242 2594 nemus
1267 2550 1319 2592 et
1342 2544 1477 2606 fugit
1500 2542 1690 2600 urbem,

165 2618 285 2666 Rite
311 2618 467 2664 cliens
491 2615 678 2663 Bacchi
704 2629 880 2662 somno
904 2614 1176 2676 gaudentis
1200 2617 1252 2659 et
1277 2612 1484 2658 umbra:

163 2684 241 2731 Tu
267 2700 344 2731 me
370 2685 502 2730 inter
527 2682 767 2744 strepitus
793 2686 1066 2728 nocturnos
1093 2685 1243 2741 atque
1270 2679 1476 2725 diurnos

162 2749 257 2798 Vis
284 2765 460 2797 canere
485 2754 537 2796 et
561 2752 819 2796 eontracta
845 2747 989 2809 sequi
1016 2746 1234 2808 vestigia
1260 2741 1473 2793 vatum?
1653 2744 1715 2789 80

162 2876 208 2911 46
229 2887 410 2912 amovere
438 2874 485 2912 57
505 2874 697 2911 faciamus
748 2873 793 2911 70
814 2873 1021 2910 commoda
1039 2883 1168 2908 rerum
1215 2870 1262 2909 ’77
1280 2869 1397 2907 urbes
1468 2869 1513 2904 80
1532 2870 1716 2906 contacta
