1878 3054
700 135 824 173 ΜΒ.
865 134 907 171 1.
955 119 1136 172 16-18

333 272 554 334 Impune
579 274 750 318 tutum
774 284 865 332 per
889 282 1072 315 nemus
1098 267 1311 314 arbutos

333 340 600 401 Quaerunt
624 338 844 385 latentes
868 340 920 384 et
943 335 1128 398 thyma
1154 334 1336 382 deviae

471 405 673 454 Olentis
708 419 894 452 uxores
929 402 1118 460 mariti,

535 473 645 521 Nec
669 472 859 520 virides
884 474 1123 518 metuunt
1146 469 1383 517 colubras

332 541 442 590 Nec
467 540 736 588 Martiales
764 538 1041 586 Haediliae
1067 538 1231 599 lupos,

312 609 625 671 'Utcumque
650 608 801 666 dulci,
832 605 1074 669 Tyndari,
1102 605 1275 652 fistula

472 676 652 724 Valles
687 680 738 723 et
775 675 990 722 Usticae
1027 673 1262 721 cubantis

536 743 700 791 Levia
736 740 1051 806 personuere
1079 755 1218 788 saxa.

332 811 400 860 Di
425 827 507 860 me
530 815 753 869 tuentur,
782 811 863 858 dis
887 811 1055 873 pietas
1077 823 1194 855 mea

334 879 407 927 Et
430 878 586 926 Musa
609 879 748 926 cordi
773 882 866 926 est.

945 877 1046 924 Hic
1070 877 1166 924 tibi
1191 875 1339 937 copia

470 946 709 994 Manabit
735 946 799 993 ad
824 946 1033 1008 plenum
1056 944 1281 1005 benigno

537 1014 697 1061 Ruris
722 1013 975 1060 honorum
1001 1012 1242 1074 opulenta
1267 1024 1456 1070 cornu3

340 1081 441 1129 Hic
464 1082 518 1128 in
542 1081 755 1128 reducta
778 1081 912 1128 valle
940 1079 1214 1128 Caniculae

339 1148 548 1197 Vitabis
574 1154 762 1206 aestus,
789 1153 843 1196 et
867 1148 964 1195 fide
992 1147 1114 1194 Te‘Ia

471 1216 625 1264 Dices
659 1217 953 1263 laborantes
991 1214 1043 1262 in
1077 1210 1207 1262 {inor

541 1283 834 1347 Penelopen
861 1284 1177 1345 vitreamque
1206 1281 1416 1341 Circen;

339 1351 440 1400 Hic
465 1352 750 1402 innocentis
775 1351 958 1415 pocula
979 1350 1151 1398 Lesbii

338 1419 510 1467 Duces
535 1420 630 1466 sub
656 1420 853 1478 umbra,
878 1434 972 1466 nec
1000 1418 1281 1466 Semeleius

473 1486 606 1535 Cum
631 1486 800 1534 Marte
827 1486 1101 1534 confundet
1128 1485 1409 1548 Thyoneus

539 1554 759 1614 Proelia,
787 1569 879 1601 nec
904 1558 1102 1601 metues
1125 1558 1423 1616 protervum

341 1621 590 1685 Suspecta
616 1621 822 1685 Cyrum,
851 1637 913 1669 ne
940 1621 1071 1668 male
1097 1619 1288 1683 dispari

281 1747 283 1749 ι
339 1688 725 1737 Incontinentes
750 1689 945 1751 injiciat
969 1703 1166 1746 manus,

473 1756 544 1804 Et
567 1757 768 1804 scindat
793 1757 1087 1804 haerentem
1115 1769 1352 1802 coronam

540 1823 781 1871 Crinibus
806 1824 1217 1885 immeritamque
1245 1825 1456 1870 vestem.

814 2036 1027 2084 XVIII.

141 2138 365 2198 Nullam,
392 2138 546 2198 Vare,
576 2154 721 2187 sacra
745 2139 850 2186 vite
874 2138 1016 2202 prius
1044 2139 1237 2186 severis
1263 2139 1494 2186 arborem

142 2206 292 2255 Circa
316 2206 441 2254 mite
468 2207 635 2254 solum
662 2206 871 2254 Tiburis
896 2211 948 2254 et
971 2207 1175 2254 moenia
1203 2206 1357 2254 Catili
1379 2225 1390 2254 ε

142 2273 303 2322 Siccis
328 2273 498 2321 omnia
522 2289 642 2321 nam
668 2274 795 2321 dura
821 2274 948 2322 deus
972 2274 1251 2337 proposuit,
1280 2290 1443 2337 neque

141 2339 409 2388 Mordaccs
435 2341 582 2388 aliter
606 2340 882 2402 diffugiunt
908 2341 1291 2390 sollicitudines,

142 2408 269 2469 Quis
284 2413 402 2471 post
419 2409 539 2455 vina
556 2423 762 2470 gravem
782 2409 1019 2456 militiam
1038 2414 1126 2456 aut
1142 2409 1435 2471 pauperiem
1454 2415 1624 2470 crepat
1637 2408 1658 2457 ἲ
1671 2413 1697 2459 5

143 2475 271 2536 Quis
287 2490 387 2522 non
404 2481 455 2523 tc
471 2475 656 2539 potiuS,
676 2476 878 2524 Bacche
894 2483 1051 2539 pater,
1069 2481 1232 2538 teque,
1254 2477 1438 2523 decens
1455 2476 1674 2527 Venus?

143 2543 216 2589 At
243 2557 302 2589 ne
330 2543 446 2605 quis
469 2544 654 2591 modici
680 2544 942 2591 transiliat
967 2558 1179 2591 munera
1205 2544 1394 2602 Liberi,

145 2608 433 2657 Centaurea
457 2616 630 2657 monet
655 2626 767 2658 cum
797 2610 1038 2673 Lapithis
1063 2611 1173 2658 rixa
1201 2626 1353 2674 super
1377 2626 1515 2658 mero

145 2674 428 2735 Debellata,
455 2684 627 2725 monet
654 2677 906 2726 Sithoniis
930 2694 1032 2725 non
1058 2678 1188 2725 levis
1213 2678 1391 2736 Euius,

244 2804 266 2840 5
287 2807 414 2841 totum

520 2806 542 2841 8
561 2806 744 2842 colubros

616 2855 635 2894 7
657 2869 703 2892 ac

851 2807 897 2841 14
917 2806 1011 2842 binc

1116 2807 1162 2842 25
1184 2819 1254 2842 nco

1138 2859 1159 2893 9
1182 2858 1336 2893 Euhius

1359 2809 1380 2842 5
1402 2807 1584 2856 increpat

1616 116 1703 168 ,31

1642 599 1698 647 10

1639 937 1698 985 15

1637 1274 1699 1320 20
