1878 3054
706 193 822 234 ms.
862 193 901 233 1.
942 179 976 232 6
1544 179 1650 233 149

0 0 39 182 !¹

0 187 12 204 ξ
15 196 18 198 ,

0 211 6 242 ἱ
129 248 145 252 c

2 253 8 262 .

13 359 17 361 Α
78 324 232 376 Ibant
256 331 468 376 octonos
491 327 769 376 referentes
794 326 975 374 Idibus
1001 325 1154 384 aeris,
1586 325 1648 376 75

4 440 6 443 ,
80 393 182 443 Sed
205 409 418 458 puerum
442 400 524 443 est
548 409 706 443 ausus
730 394 953 442 Romam
983 398 1200 456 portare,
1229 393 1517 442 docendum

81 464 239 515 Artes
263 477 391 526 quas
416 462 598 510 doceat
622 461 791 525 quivis
817 475 973 523 eques
1000 465 1154 522 atque
1181 466 1388 508 senator

81 531 254 581 Semet
276 534 572 593 prognatos.
649 529 861 577 Vestem
890 542 1167 590 servosque
1195 534 1482 591 sequenteS,

79 599 144 648 In
165 612 355 660 magno
381 602 440 644 ut
462 596 664 660 popu10,
692 596 736 643 si
762 595 850 659 qui
878 595 1105 652 vidisset,
1134 597 1276 643 avita

80 666 161 715 Ex
183 680 236 713 re
259 664 492 729 praeberi
519 668 756 726 sumptus
784 663 911 710 mihi
939 663 1165 711 crederet
1189 664 1317 713 illos.
1581 663 1639 709 80

79 734 195 798 Ipse
219 732 346 781 mihi
370 736 545 780 custos
569 731 1039 794 incorruptissimus
1065 746 1242 779 omnes

81 801 284 851 Circum
310 800 546 848 doctores
573 800 763 847 aderat.
839 799 977 860 Quid
1002 797 1202 846 multa?
1275 799 1543 859 Pudicum,

79 868 180 932 Qui
202 867 396 932 primus
422 868 633 915 virtutis
660 866 838 925 honos,
865 867 1181 914 servavitxab
1207 867 1344 914 omni

4 982 11 986 .
78 935 197 985 Non
221 936 387 984 solum
411 936 562 994 facto,
590 950 767 982 verum
797 935 1066 998 opprobrio
1093 950 1293 997 quoque
1319 935 1488 998 turpi3

78 1003 186 1053 Nec
209 1003 383 1052 timuit
408 1003 503 1051 sibi
528 1018 591 1050 ne
618 1003 744 1051 vitio
771 1003 885 1065 quis
910 1007 1145 1061 verteret,
1174 1002 1296 1049 olim
1584 999 1645 1046 85

77 1071 131 1121 Si
153 1086 335 1136 praeco
359 1085 548 1135 parvas
575 1075 678 1128 aut,
708 1076 766 1118 ut
789 1071 887 1117 fuit
913 1070 1034 1132 ipse,
1063 1074 1265 1117 coactor

77 1138 341 1188 Mereedes
379 1153 645 1203 sequerer;
683 1153 845 1202 neque
870 1153 966 1200 ego
992 1152 1156 1185 essem
1183 1142 1423 1201 questus:
1463 1142 1516 1186 at
1552 1137 1651 1186 hoc

274 1221 408 1255 nunc

77 1273 216 1324 Laus
240 1275 315 1323 illi
341 1274 556 1323 debetur
579 1278 631 1322 et
657 1289 687 1321 a
712 1289 791 1321 me
819 1273 989 1336 gratia
1014 1274 1186 1335 major.

78 1341 166 1391 Nil
192 1358 271 1391 me
294 1342 557 1406 paeniteat
582 1356 767 1389 sanum
794 1342 955 1404 patris
982 1340 1146 1402 hujus
1173 1356 1332 1404 eoque

78 1409 211 1469 Non,
238 1415 297 1458 ut
320 1424 512 1472 magna
537 1409 654 1457 dolo
681 1409 873 1456 factum
899 1413 1056 1471 negat
1080 1424 1194 1456 esse
1222 1424 1315 1456 suo
1339 1423 1475 1472 pars,
1584 1407 1646 1454 90

79 1477 229 1540 Quod
252 1492 353 1525 non
381 1478 634 1540 ingenuos
661 1476 847 1524 habeat
870 1477 1137 1539 clarosque
1163 1480 1416 1539 parentes,

82 1543 165 1594 Sic
189 1560 269 1594 me
293 1545 578 1593 defendam.
653 1544 833 1606 Longe
859 1559 974 1591 mea
998 1544 1256 1607 discrepat
1282 1544 1399 1591 istis

79 1611 150 1662 Et
173 1627 274 1661 vox
296 1618 349 1660 et
372 1612 536 1660 ratio:
574 1627 693 1659 nam
720 1611 765 1658 si
791 1616 976 1659 natura
1003 1612 1206 1673 Juberet

80 1679 130 1728 A
153 1681 308 1729 certis
331 1680 480 1728 annis
506 1694 688 1727 aevum
714 1694 940 1727 remeare
965 1685 1243 1741 peractum,

81 1746 252 1812 Λάμια
278 1748 407 1796 alios
431 1747 597 1810 legere
624 1746 689 1794 ad
716 1747 904 1793 fastum
932 1762 1279 1809 quoscumque
1306 1750 1546 1808 parentes
1591 1742 1653 1791 95

82 1812 296 1878 Optaret
319 1815 418 1863 sibi
444 1815 671 1878 quisque,
699 1814 826 1862 meis
853 1819 1138 1871 contentuS,
1167 1814 1412 1861 honestos

83 1879 334 1931 Fascibus
356 1887 410 1931 et
435 1881 576 1930 sellis
602 1881 789 1928 nollem
814 1880 942 1928 mihi
970 1896 1184 1939 sumere,
1214 1882 1423 1929 demens

80 1948 285 1999 Judieio
311 1950 468 2013 volgi.
497 1964 656 1997 sanus
683 1949 902 1997 fortasse
928 1954 1032 2007 tuo,
1061 1949 1195 2011 quod

82 2014 282 2066 Nollem
306 2032 437 2066 onus
463 2017 601 2065 haud
627 2031 869 2079 umquam
895 2017 1079 2064 solitus
1102 2021 1309 2080 portare
1334 2016 1622 2066 molestum.

11 2131 17 2137 .
82 2081 216 2133 Nam
240 2085 367 2133 mihi
392 2085 637 2134 continuo
663 2085 824 2146 major
847 2084 1138 2147 quaerenda
1163 2085 1292 2132 foret
1315 2099 1410 2143 reS,
1561 2083 1655 2130 100

83 2150 255 2217 Atque
280 2152 538 2201 salutandi
563 2152 766 2215 plures;
804 2151 1065 2201 ducendus
1088 2156 1141 2199 et
1165 2166 1298 2199 unus

83 2216 154 2268 Et
175 2234 345 2269 comes
370 2220 512 2279 alter,
539 2219 614 2267 uti
643 2234 704 2267 ne
730 2219 870 2267 solus
895 2234 1047 2267 rusve
1073 2234 1348 2282 peregreve

84 2283 320 2349 Exirem3
353 2287 527 2351 plures
550 2287 754 2335 calones
780 2292 934 2349 atque
960 2287 1143 2334 caballi

85 2352 346 2414 Pascendi‚
374 2355 606 2403 ducenda
629 2355 888 2416 petorrita.
962 2354 1010 2402 N
1018 2370 1115 2402 unc
1140 2354 1263 2402 mihi
1290 2359 1435 2402 curto

83 2419 166 2470 Ire
190 2421 307 2470 licet
331 2422 470 2470 mulo
494 2422 574 2469 vel
602 2422 644 2469 si
671 2422 794 2469 libet
819 2437 979 2484 usque
1007 2422 1301 2480 Tarentum,
1560 2419 1653 2465 105

85 2485 313 2538 Mantica
337 2490 418 2537 cui
444 2489 644 2537 lumbos
669 2504 819 2536 onere
846 2490 1037 2537 ulceret
1062 2494 1214 2552 atque
1242 2504 1397 2552 eques
1425 2503 1624 2537 armos:

86 2554 300 2618 objiciet
324 2571 471 2605 nemo
497 2557 672 2604 sordes
698 2555 821 2603 mihi
848 2571 976 2618 quas
1000 2557 1107 2617 tibi,
1137 2556 1267 2614 Tim,

87 2621 215 2671 Cum
242 2623 453 2671 Tiburte
479 2624 564 2671 via
590 2629 874 2686 praetorem
901 2625 1122 2686 quinque
1150 2628 1433 2686 sequuntur

86 2687 157 2737 Te
180 2691 338 2754 pueri,
364 2690 596 2738 lasanum
624 2696 886 2753 portantes
914 2691 1375 2753 oenophorumque.

87 2753 201 2805 Hoc
223 2773 320 2820 ego
345 2758 661 2806 commodius
688 2773 841 2819 quam
867 2763 938 2815 tu,
966 2757 1222 2821 praeclare
1250 2762 1469 2809 senator,
1564 2751 1656 2799 110

87 2863 137 2906 n
153 2870 308 2907 octoni·
359 2870 407 2909 75
426 2883 521 2908 aera
573 2871 620 2909 79
636 2870 727 2920 quis
781 2870 828 2906 83
845 2868 1035 2906 servabat
1087 2868 1134 2905 87
1150 2866 1202 2903 ad
1219 2866 1306 2911 hoc,
1324 2866 1374 2902 ad
1391 2866 1501 2910 baec,
1517 2865 1568 2902 ob
1581 2865 1653 2905 hoo

124 2931 173 2980 90
192 2933 385 2972 bonu-to·
437 2938 486 2973 98
507 2935 618 2983 vulgi
675 2935 746 2971 102
765 2946 931 2984 peregre
950 2937 1022 2969 aut
1078 2932 1147 2968 107
1169 2931 1275 2967 Tulli
1332 2931 1403 2967 108
1424 2934 1613 2967 secuntur
