1878 3054
249 168 351 220 122

751 180 991 220 HORA'I'1
1033 183 1288 223 EPODON

381 311 636 359 Parumne
663 313 857 374 campis
884 319 1035 376 atque
1061 315 1302 378 Neptuno
1327 333 1480 383 super

444 378 637 425 Fusum
674 385 753 427 est
790 380 964 428 Latini
1000 383 1280 444 sanguinis,

378 443 498 492 Non
523 450 580 492 ut
605 447 852 507 superbas
876 448 1080 496 invidae
1108 449 1441 513 Carthaginis
1756 459 1783 505 5

448 512 715 559 Romanus
752 528 891 561 arces
928 521 1105 573 ureret,

377 577 611 625 Intactus
638 584 725 626 aut
748 579 1030 629 Britannus
1056 589 1112 630 ut
1135 583 1462 635 descenderet

446 644 601 692 Sacra
635 652 900 695 catenatus
937 649 1035 708 via,

378 711 478 759 Sed
506 717 576 771 ut,
605 714 881 761 secundum
907 721 1028 763 vota
1055 716 1379 778 Parthorum,
1407 734 1501 768 sua

443 778 579 826 Urbs
617 779 741 827 haec
778 781 966 842 periret
1001 782 1247 831 dextera?
1720 791 1779 837 10

374 844 554 907 Neque
582 846 663 894 hic
688 847 821 910 lupis
847 863 972 907 mOS,
999 865 1091 898 nec
1115 851 1212 898 fuit
1235 851 1480 913 leonibuS,

443 912 716 975 Umquam,
745 915 843 962 nisi
871 916 924 962 in
950 916 1137 979 dispar,
1165 918 1298 966 feris.

373 978 601 1027 Furorne
628 996 818 1041 caecos,
848 998 915 1030 an
939 984 1075 1046 rapit
1101 984 1180 1032 vis
1205 986 1379 1046 acrior,

441 1047 526 1094 An
562 1047 749 1110 culpa?
821 1049 1148 1112 Responsum
1185 1052 1318 1102 date.

373 1112 594 1174 Tacent;
631 1121 682 1162 et
707 1115 852 1163 albus
879 1131 966 1164 ora
993 1118 1152 1180 pallor
1174 1118 1345 1179 inficit,
1715 1125 1773 1171 15

438 1179 740 1244 Mentesque
766 1184 1024 1245 perculsae
1050 1190 1268 1248 stupent.

371 1246 454 1295 Sic
479 1253 585 1296 est:
624 1249 803 1297 acerba
828 1250 935 1298 fata
962 1251 1226 1301 Romanos
1251 1258 1428 1317 agunt,

436 1313 709 1379 Scelusque
747 1317 995 1365 fraternae
1033 1319 1183 1377 necis,

367 1380 441 1428 Ut
467 1381 779 1431 immerentis
805 1383 949 1432 fluxit
973 1387 1025 1432 in
1050 1390 1236 1435 terram
1261 1386 1412 1437 Remi

435 1447 591 1498 Sacer
626 1451 896 1514 nepotibus
932 1466 1087 1501 cruor.
1709 1458 1769 1504 20

951 1618 1049 1667 IX.

361 1707 578 1768 Quando
602 1713 862 1771 repostum
891 1708 1184 1760 Caecubum
1211 1712 1275 1761 ad
1300 1713 1460 1762 festas
1485 1715 1643 1778 dapes

429 1775 636 1823 Victore
673 1776 839 1824 laetus
880 1776 1112 1837 Caesare,

358 1840 546 1889 Tecum
575 1843 668 1890 sub
696 1843 799 1891 alta
826 1843 925 1906 (sic
950 1845 985 1892 J
990 1846 1073 1892 ovi
1099 1846 1328 1910 gratum)
1355 1847 1521 1907 domo,

425 1909 583 1957 Beate
620 1910 908 1969 Maecenas,
948 1911 1135 1970 bibam,

358 1973 583 2023 Sonante
611 1978 824 2024 mixtum
851 1978 994 2026 tibiis
1019 1990 1220 2027 carmen
1247 1980 1374 2044 lyra,
1731 1990 1761 2036 5

424 2042 537 2090 Hac
562 2041 789 2103 Dorium,
818 2044 919 2091 illis
945 2045 1255 2095 barbarum?

353 2107 430 2156 Ut
454 2124 623 2172 nuper,
653 2116 798 2158 actus
824 2126 938 2158 cum
963 2113 1091 2160 freto
1117 2113 1408 2177 Neptunius

421 2175 539 2224 Dux
574 2177 707 2239 fugit
743 2178 873 2225 ustis
910 2180 1144 2237 navibus,

267 2304 271 2308 ι
351 2239 584 2290 Minatus
611 2245 719 2291 urbi
747 2245 931 2303 vincla,
954 2261 1083 2308 quae
1107 2247 1400 2295 detraxerat

419 2308 592 2357 Servis
630 2311 820 2359 amicus
858 2313 1075 2374 perfidis.
1696 2324 1755 2370 10

350 2373 631 2435 Romanus,
660 2378 804 2437 eheu,
837 2378 1053 2441 (posteri
1079 2380 1378 2445 negabitis,)

417 2441 786 2505 Emancipatus
825 2446 1042 2493 feminae

350 2506 472 2555 Fert
498 2510 688 2557 vallum
713 2516 764 2558 et
791 2526 943 2570 arma,
971 2513 1117 2561 miles
1142 2518 1194 2562 et
1220 2514 1532 2577 spadonibus

415 2574 614 2623 Servire
651 2579 854 2638 rugosis
890 2585 1076 2641 potest,

345 2638 587 2704 Interque
627 2643 776 2704 signa
814 2649 958 2707 turpe
996 2647 1237 2694 militaria
1667 2653 1750 2701 '15

414 2707 500 2755 Sol
538 2710 725 2771 aspicit
760 2712 1058 2774 conopiuml

247 2822 293 2859 12
313 2835 532 2874 numquam
638 2827 684 2863 13
703 2839 843 2863 caecus
948 2830 994 2864 15
1015 2841 1085 2866 ora
1102 2831 1234 2879 pallor
1252 2830 1366 2866 albus
1469 2831 1517 2867 16
1535 2841 1747 2881 percussae

299 2874 319 2908 1
341 2876 561 2923 repositum
615 2877 636 2912 5
656 2877 795 2913 mixtis
849 2879 895 2914 15
911 2880 1051 2928 turpe!
1106 2881 1152 2917 16
1172 2881 1347 2930 adspicit
1399 2881 1446 2916 16
1464 2892 1685 2931 conopeum
