1878 3054
248 157 350 210 178
697 165 939 204 ΗοΒΑΤΙ
981 165 1350 206 SA'HRARVM

243 300 380 348 Nam
405 299 640 362 quamvis
664 298 875 345 memori
901 298 1090 345 referas
1114 297 1243 344 mihi
1267 302 1469 360 pectore
1497 303 1695 357 cuncta,
1743 298 1804 345 90

244 367 362 415 Non
387 372 559 414 tamen
585 366 833 427 interpres
858 365 1161 412 tantundem
1190 365 1398 426 Juveris.
1470 365 1620 412 Adde

244 434 457 481 Voltum
484 433 813 494 habitumque
840 431 1075 489 hominis,
1104 447 1255 493 quem
1280 436 1338 478 tu
1363 432 1555 479 vidisse
1581 432 1759 478 beatus

243 501 362 548 Non
387 500 561 561 magni
588 499 782 560 pendis,
810 499 928 560 quia
954 498 1202 560 contigit;
1239 503 1294 546 at
1317 498 1444 545 mihi
1469 514 1588 545 cura

244 567 363 615 Non
388 566 658 614 mediocris
685 566 831 623 inest,
859 566 1023 612 fontes
1050 571 1106 611 ut
1132 566 1270 612 adire
1295 571 1519 612 remotos

245 635 417 698 Atque
443 633 643 681 haurire
669 647 850 695 queam
877 632 1012 680 vitae
1036 637 1305 695 praecepta
1327 632 1521 680 beatae.
1741 631 1803 680 95

992 815 1055 864 V.

254 919 445 967 Ulixes.
487 918 600 965 Hoc
626 933 840 980 quoque,
868 917 1080 976 Tiresia,
1107 921 1306 979 praeter
1330 921 1536 964 narrata
1559 917 1755 979 petenti

243 985 533 1047 Responde,
563 986 746 1047 quibus
773 984 991 1032 amissas
1017 999 1248 1046 reparare
1274 998 1457 1046 queam
1483 998 1563 1031 res

244 1051 462 1100 Artibus
488 1058 638 1114 atque
664 1051 842 1099 modis.
918 1051 1053 1112 Quid
1078 1050 1250 1099 rides?
1331 1052 1573 1111 Tiresias.
1612 1050 1647 1098 J
1653 1065 1801 1097 amne

443 1119 619 1166 doloso

243 1185 362 1233 Non
388 1186 516 1233 satis
542 1190 621 1233 est
647 1184 882 1232 Ithacam
908 1183 1080 1232 revehi
1105 1184 1399 1247 patriosque
1424 1188 1633 1246 penates
1684 1193 1691 1200 ·

243 1251 525 1314 Aspicere?
608 1253 744 1300 Uliae.
786 1251 829 1299 O
848 1252 973 1298 nulli
990 1252 1261 1314 quicquam
1281 1252 1507 1309 mentite,
1526 1252 1670 1298 vides
1689 1255 1746 1297 ut
1771 1253 1799 1298 5

243 1319 429 1366 Nudus
453 1319 699 1382 inopsque
727 1319 935 1366 domum
961 1319 1179 1377 redeam,
1207 1324 1258 1365 te
1285 1323 1432 1379 vate3
1468 1333 1629 1379 neque
1655 1318 1755 1364 illic

243 1386 354 1435 Aut
381 1386 629 1448 apotheca
652 1386 819 1447 procis
845 1386 1040 1432 intacta
1064 1391 1144 1432 est
1170 1390 1258 1432 aut
1282 1399 1464 1447 pecus;
1502 1385 1643 1446 atqui

244 1453 314 1500 Et
338 1467 500 1515 genus
524 1458 576 1500 et
601 1453 780 1511 virtus,
809 1452 906 1499 nisi
933 1467 1047 1499 cum
1071 1467 1139 1510 re,
1168 1452 1317 1499 vilior
1342 1451 1460 1515 alga
1484 1456 1575 1498 est.

322 1595 427 1643 Tir.
469 1594 684 1655 Quando
708 1593 1017 1657 pauperiem,
1045 1593 1218 1640 missis
1245 1593 1564 1654 ambagibus,
1592 1591 1779 1650 horres,

242 1660 434 1723 Accipe
460 1676 560 1723 qua
584 1661 779 1707 ratione
805 1675 963 1722 queas
989 1660 1249 1707 ditescere.
1323 1659 1524 1707 Turdus
1743 1659 1801 1706 10
1868 1713 1872 1716 g

245 1728 362 1776 Sive
389 1728 526 1774 aliud
550 1728 751 1790 privum
777 1727 981 1774 dabitur
1006 1726 1114 1785 tibi,
1143 1726 1345 1774 devolet
1368 1726 1486 1773 illuc
1799 1749 1803 1752 ·

243 1795 351 1842 Res
376 1795 463 1841 ubi
486 1809 676 1856 magna
700 1793 828 1841 nitet
854 1793 1061 1841 domino
1088 1807 1238 1854 sene3
1275 1793 1443 1840 dulcia
1466 1808 1618 1856 poma

243 1861 314 1909 Et
337 1876 678 1924 quoscumque
705 1860 831 1907 feret
856 1860 1023 1908 cultus
1048 1860 1143 1907 tibi
1167 1860 1354 1907 fundus
1380 1859 1612 1918 honores,

243 1928 381 1976 Ante
407 1926 593 1974 Larem
619 1932 793 1989 gustet
820 1927 1157 1974 venerabilior
1182 1927 1313 1974 Lare
1339 1927 1514 1987 dives3

244 1996 345 2056 Qui
369 1995 605 2057 quamvis
628 1995 857 2057 perjurus
883 1994 991 2052 erit,
1020 1993 1126 2040 sine
1152 1998 1316 2055 gente,
1344 1998 1581 2040 cruentus
1743 1993 1799 2040 15

244 2061 503 2123 Sanguine
530 2061 766 2118 fraterno,
794 2061 1059 2122 fugitivus,
1086 2075 1148 2107 ne
1174 2065 1345 2107 tamen
1369 2059 1443 2106 illi

243 2128 322 2175 Tu
348 2143 516 2175 comes
540 2128 768 2184 exterior,
798 2128 842 2174 si
867 2127 1104 2190 postulet,
1131 2127 1202 2173 ire
1227 2141 1442 2174 recuses.

253 2195 390 2244 Ulioe.
409 2194 547 2241 Utne
559 2198 729 2255 tegam
745 2208 924 2256 spurco
938 2193 1132 2240 Damae
1144 2194 1281 2240 latus
1297 2192 1318 2240 ⁴?
1369 2193 1525 2240 Haud
1537 2193 1609 2239 ita
1622 2192 1798 2253 'PrOJae

243 2261 330 2309 Me
356 2261 507 2323 gessi,
535 2267 734 2308 certans
762 2274 958 2322 semper
985 2259 1290 2307 melioribus.
1374 2261 1482 2307 Ter.
1522 2259 1662 2321 Ergo

244 2328 445 2390 Pauper
491 2327 603 2374 eris
706 2327 843 2374 Ulix.
907 2326 1115 2373 Fortem
1165 2326 1259 2374 hoc
1308 2327 1534 2374 animum
1581 2326 1797 2373 tolerare

447 2393 633 2455 jubebo
653 2410 665 2454 ;
1739 2393 1800 2439 20
1874 2443 1878 2446 ,

243 2460 314 2508 Et
339 2461 593 2523 quondam
619 2461 809 2521 majora
833 2459 942 2507 tuli.
1015 2458 1094 2506 Tu
1117 2459 1360 2522 protinus,
1387 2458 1520 2506 unde

244 2527 467 2575 Divitias
493 2528 720 2588 aerisque
746 2541 890 2572 ruam
915 2526 1009 2584 dic,
1038 2541 1213 2588 augur,
1243 2541 1462 2573 acervos

256 2595 361 2642 Tir.
403 2594 523 2640 Dixi
548 2594 783 2655 equidem
809 2598 861 2640 et
886 2594 1025 2640 dico:
1065 2599 1238 2654 captes
1264 2597 1466 2640 astutus
1491 2592 1679 2653 ubique

245 2660 575 2708 Testamenta
601 2674 791 2718 senum,
819 2675 932 2719 neu,
961 2660 1005 2706 si
1031 2660 1172 2706 vafer
1195 2673 1327 2706 unus
1350 2664 1402 2705 et
1427 2659 1553 2705 alter

337 2802 383 2839 90
403 2802 552 2838 referas
570 2800 736 2838 memori
838 2801 860 2836 3
881 2800 1015 2837 dolose
1026 2801 1155 2848 pauci
1253 2801 1300 2836 18
1319 2800 1433 2837 visne
1537 2800 1584 2836 18
1600 2798 1703 2836 haut

822 2851 869 2886 22
889 2862 1025 2886 eruam
1040 2851 1230 2898 qloseema
