1878 3054
689 153 815 194 mn.
855 153 952 195 111.
992 142 1039 207 3,
1067 142 1104 195 4
1611 142 1682 199 67

313 288 514 338 Aurum
541 288 842 352 irrepertum
869 293 923 336 et
947 288 1018 337 sic
1043 289 1224 337 melius
1250 290 1421 350 situm,

312 357 446 406 Cum
481 361 620 403 terra
654 356 800 414 celat,
841 371 1075 419 spernere
1114 358 1292 405 fortior
1615 362 1680 410 50

355 420 548 485 ‘Quam
585 438 764 486 cogere
802 423 1057 471 humanos
1094 425 1147 472 in
1183 440 1309 473 usus

445 490 610 539 Omne
648 506 847 539 sacrum
884 492 1111 554 rapiente
1149 493 1342 542 dextra.

314 559 635 620 Quicumque
660 559 852 606 mundo
877 560 1126 607 terminus
1151 561 1371 620 obstitit,

259 625 264 628 ’
311 626 469 674 Hunc
492 630 674 689 tanget
701 627 872 684 armis,
901 628 1067 674 visere
1093 628 1347 690 gestiens.

379 694 495 755 Qua
528 699 674 756 parte
711 694 1085 742 debacchentur
1123 696 1285 758 ignes,
1610 698 1673 746 55

445 761 562 822 Qua
595 762 811 809 nebulae
846 763 1107 826 pluviique
1143 778 1296 812 rores.

312 827 415 878 Sed
450 828 709 877 bellicosis
748 830 856 877 fata
896 830 1184 892 Quiritibus

310 896 427 945 Hac
463 896 577 959 lege
616 897 744 957 dic0‚
785 913 847 945 ne
884 898 1099 945 nimium
1133 898 1209 962 pii

375 964 655 1028 Rebusque
694 965 909 1013 fidentes
946 966 1116 1014 avitae

443 1031 603 1080 Tecta
640 1033 801 1081 velint
836 1048 1074 1096 reparare
1113 1033 1308 1097 Trojae.
1612 1037 1675 1084 60

309 1097 492 1161 'l'rojae
528 1114 802 1148 renascens
841 1101 961 1148 alite
997 1101 1203 1164 lugubri

309 1166 543 1215 Fortuna
577 1168 718 1216 tristi
756 1169 899 1216 clade
936 1169 1217 1230 iterabitur,

374 1234 607 1283 Ducente
645 1237 881 1284 victrices
919 1242 1151 1285 catervas

445 1301 676 1366 Conjuge
714 1319 795 1351 me
832 1304 984 1353 Jovis
1020 1310 1072 1352 et
1109 1319 1294 1354 sorore.

308 1368 411 1418 Ter
445 1370 489 1418 si
524 1376 765 1434 resurgat
802 1387 976 1420 murus
1013 1378 1200 1420 aeneus
1610 1373 1669 1420 65

310 1438 538 1486 Auctore
566 1438 794 1498 Phoebo,
822 1444 901 1487 ter
925 1445 1101 1502 pereat
1125 1441 1254 1488 meis

374 1505 595 1554 Excisus
634 1506 864 1570 Argivis,
901 1512 980 1555 ter
1015 1523 1144 1555 uxor

445 1573 612 1637 Capta
638 1575 807 1622 virum
833 1590 1117 1638 puerosque
1140 1575 1356 1639 ploret.’'

308 1639 427 1688 Non
463 1640 560 1689 hoc
587 1643 795 1704 jocosae
834 1644 1105 1690 conveniet
1139 1644 1312 1707 lyrae:

311 1707 440 1769 Quo,
468 1707 637 1767 Musa,
664 1709 872 1758 tendis?
945 1710 1136 1758 Desine
1161 1710 1402 1773 pervicax
1604 1707 1667 1759 70

378 1774 591 1824 Referre
630 1791 894 1825 sermones
931 1778 1142 1825 deorum
1178 1782 1232 1826 et

442 1841 643 1906 Magna
678 1843 846 1892 modis
883 1849 1092 1893 tenuare
1129 1845 1318 1909 parvis,

847 2049 943 2099 IV.

309 2149 576 2199 Descende
613 2151 767 2211 cae10,
794 2157 848 2201 et
883 2153 965 2202 dic
1002 2169 1098 2217 age
1135 2153 1262 2203 tibia

308 2217 515 2278 Regina
548 2218 760 2282 longum
801 2220 1028 2284 Calliope
1064 2221 1241 2282 melos,

378 2284 480 2334 Seu
517 2302 639 2334 voce
678 2302 811 2335 nunc
847 2289 1015 2336 mavis
1053 2294 1219 2347 acuta,

447 2352 548 2401 Seu
587 2354 770 2402 fidibus
807 2355 1068 2404 citharave
1105 2354 1319 2406 Phoebi.

309 2418 538 2478 Auditis,
579 2436 642 2469 an
681 2438 760 2470 me
799 2422 929 2470 ludit
965 2423 1199 2472 amabilis
1629 2431 1659 2478 5

308 2486 559 2536 Insania?
631 2490 827 2538 Audire
864 2496 917 2539 et
953 2491 1130 2539 videor
1164 2492 1278 2555 pios

375 2553 558 2603 Errare
595 2571 686 2619 per
720 2557 875 2616 lucos,
915 2574 1158 2605 amoenae

447 2622 588 2683 Quos
622 2630 675 2671 et
713 2640 874 2688 aquae
912 2626 1134 2674 subeunt
1167 2631 1220 2674 et
1256 2641 1422 2674 aurae.

304 2775 352 2811 54
371 2778 516 2824 tangat
670 2781 717 2816 55
738 2779 1038 2818 debacchantur
1192 2782 1238 2818 69
1258 2780 1474 2818 conveniat

148 2821 196 2860 ⁶⁹
214 2822 630 2865 haee—conveniunt
648 2843 667 2865 e
686 2831 919 2876 coniectura,
940 2832 1349 2869 haec—convenient
1368 2845 1386 2867 e
1405 2831 1626 2869 coniectare·

413 2878 436 2913 4
454 2877 691 2929 citharaque
846 2883 867 2917 5
887 2883 1069 2919 audiris?
1097 2896 1115 2919 e
1135 2884 1356 2919 coniectura
