1878 3054
476 424 809 481 CARMEN
865 425 1359 482 SAEOVLARE.

332 622 555 682 Phoebe,
583 621 932 686 silvarumque
958 627 1143 685 potens
1169 622 1354 683 Diana,

330 689 583 740 Lucidum
612 690 737 737 caeli
767 691 937 749 decuS,
966 705 996 738 o
1022 690 1219 738 colendi

332 757 545 822 Semper
567 762 620 805 et
645 757 785 816 culti,
814 758 933 806 date
970 773 1101 820 quae
1125 771 1391 821 precamur

530 824 783 888 Tempore
821 840 982 884 sacr0,

331 893 446 955 Quo
474 892 719 955 Sibyllini
747 908 989 941 monuere
1016 907 1196 941 versus

326 959 571 1024 Virgines
597 959 762 1008 lectas
786 975 1074 1024 puerosque
1100 965 1272 1009 castos

326 1027 438 1088 Dis,
463 1028 653 1091 quibus
681 1035 879 1092 septem
904 1029 1138 1091 placuere
1165 1028 1336 1089 colleS,

526 1095 709 1144 Dicere
749 1111 965 1144 carmen.

328 1162 482 1212 Alme
510 1162 613 1221 Sol,
643 1178 795 1211 curru
821 1164 986 1212 nitido
1011 1163 1148 1211 diem
1175 1163 1261 1226 qui

326 1230 528 1279 Promis
552 1235 605 1278 et
630 1231 783 1290 celas,
813 1232 1043 1295 aliusque
1068 1236 1121 1278 et
1144 1230 1279 1278 idem

323 1297 580 1357 Maeotis,
607 1299 779 1362 possis
806 1298 933 1346 nihil
958 1299 1083 1347 urbe
1110 1298 1281 1346 Roma

526 1365 710 1414 Visere
750 1368 928 1428 maJus.

323 1432 450 1482 Rite
474 1438 704 1481 maturos
734 1434 930 1497 aperire
954 1438 1134 1497 partus

325 1499 496 1560 Lenis,
523 1500 756 1564 Ilithyia,
786 1508 926 1549 tuere
952 1507 1158 1560 matres,

325 1566 450 1617 Sive
473 1573 532 1616 tu
559 1568 758 1617 Lucina
784 1569 971 1631 probas
999 1569 1170 1617 vocari

527 1634 628 1684 Seu
667 1636 952 1686 Genitalis:

326 1702 479 1761 Diva,
505 1703 760 1766 producas
788 1704 1033 1764 subolem,
1061 1707 1367 1767 patrumque

324 1770 603 1834 Prosperes
629 1771 837 1819 decreta
863 1786 1015 1835 super
1042 1770 1290 1833 jugandis

322 1836 566 1896 Feminis,
593 1839 852 1902 prolisque
880 1854 1044 1887 novae
1071 1837 1224 1886 feraci

529 1904 667 1967 Lege
708 1906 906 1964 marita,

324 1971 511 2022 Certus
536 1973 768 2021 undenos
795 1974 963 2021 decies
987 1987 1078 2036 per
1104 1987 1267 2021 annos

323 2038 477 2088 Orbis
503 2045 560 2087 ut
585 2047 766 2088 cantus
792 2042 1079 2104 referatque
1108 2040 1271 2100 ludos,

324 2106 425 2155 Ter
448 2107 530 2156 die
556 2108 706 2167 claro,
736 2109 1028 2172 totiensque
1055 2113 1204 2172 grata

527 2174 690 2224 Nocte
728 2176 1031 2239 frequentes.

324 2240 537 2305 Vosque
565 2258 772 2291 veraces
798 2244 1055 2302 cecinisse,
1086 2243 1292 2302 Parcae,

326 2308 477 2370 Quod
504 2311 658 2358 semel
686 2311 876 2359 dictum
904 2316 996 2370 est,
1026 2311 1326 2373 stabilisque
1351 2324 1520 2357 rerum

327 2374 597 2425 Terminus
623 2385 807 2436 servet,
835 2379 970 2427 bona
998 2380 1105 2440 jam
1131 2378 1351 2442 peractis

527 2445 742 2508 ,lungite
780 2446 898 2493 fata.

329 2508 537 2559 Fertilis
564 2513 765 2575 frugum
791 2513 1089 2576 pecorisque
1117 2512 1293 2559 Tellus

330 2575 512 2640 Spicea
548 2579 704 2628 donet
742 2580 976 2628 Cererem
1016 2595 1231 2641 corona3

328 2642 580 2693 Nutriant
606 2647 739 2695 fetus
765 2652 817 2694 et
843 2662 1005 2709 aquae
1034 2647 1264 2694 salubres

535 2712 605 2761 Et
641 2714 795 2762 Jovis
832 2729 1004 2765 aurae.

584 2853 606 2889 ὅ
625 2853 734 2903 quod
1042 2854 1088 2890 27
1109 2855 1244 2888 servat
1453 2909 1474 2950 1

1397 2911 1413 2949 l
1427 2910 1443 2949 l

1630 1230 1689 1280 10

1633 1569 1689 1617 15

1629 1907 1691 1953 20

1629 2208 1784 2289 25⁶

1628 2577 1692 2622 30
