1878 3054
240 170 344 242 128

751 178 992 217 HORA'I'I
1032 178 1287 219 EPODON

373 314 410 362 J
412 313 611 376 uppiter
635 312 722 359 illa
744 312 857 375 piae
883 311 1099 360 secrevit
1122 311 1273 360 litora
1296 312 1452 374 genti,

443 380 517 427 Ut
542 380 829 441 inquinavit
855 394 966 426 aere
992 385 1195 442 tempus
1220 394 1460 440 aureum3

373 447 522 504 Aere,
549 446 733 494 dehinc
758 447 888 493 ferro
913 447 1121 494 duravit
1143 446 1378 507 saeeula3
1416 460 1632 508 quorum
1722 449 1784 497 65

439 514 549 562 Piis
574 513 811 572 secunda,
839 518 957 561 vate
982 529 1078 573 me,
1103 514 1255 561 datur
1278 513 1417 575 fuga.

923 688 1108 737 XVII.

371 793 408 841 J
411 808 492 840 am
508 794 616 854 Jam
640 791 826 839 efficaci
851 791 915 839 do
941 807 1123 840 manus
1149 792 1404 852 scientiae,

373 859 599 922 Supplex
622 864 674 906 et
699 873 787 906 oro
813 874 972 921 regna
993 873 1083 922 per
1109 859 1461 922 Proserpinae,

373 927 473 974 Per
497 931 549 973 et
575 926 773 973 Dianae
798 941 899 973 non
924 926 1179 973 movenda
1202 927 1424 984 numina,

374 993 473 1040 Per
498 998 650 1055 atque
676 993 830 1040 libros
855 993 1137 1040 carminum
1163 993 1443 1041 valentium

374 1059 555 1108 Refixa
580 1060 718 1107 caelo
744 1060 989 1107 devocare
1016 1059 1196 1119 sidera,
1761 1067 1792 1113 5

373 1127 605 1186 Canidia,
633 1142 778 1189 parce
810 1127 1017 1174 vocibus
1041 1127 1244 1175 tandem
1271 1127 1430 1175 sacris

375 1194 648 1257 Oitumque
674 1199 807 1241 retro
834 1194 990 1253 solve,
1017 1194 1158 1241 solve
1183 1194 1452 1242 turbinem.

373 1260 542 1308 Movit
568 1266 802 1322 nepotem
831 1260 1087 1323 Telephus
1113 1260 1368 1320 Nereium,

374 1327 437 1375 In
461 1343 611 1390 quem
638 1328 886 1390 superbus
915 1328 1176 1375 ordinarat
1200 1327 1408 1389 agmina

373 1395 643 1458 Mysorum
669 1401 721 1441 et
743 1395 796 1441 in
823 1409 973 1457 quem
999 1395 1104 1442 tela
1129 1399 1279 1442 acuta
1301 1398 1531 1442 torserat.
1732 1400 1793 1446 10

374 1461 576 1508 Unxere
602 1466 792 1509 matres
820 1461 947 1509 Iliae
973 1462 1231 1509 addictum
1256 1462 1374 1509 feris

374 1529 606 1578 Alitibus
631 1533 782 1591 atque
810 1529 1022 1576 canibus
1047 1529 1352 1576 homicidam
1379 1528 1668 1587 Hectorem,

375 1595 656 1658 Postquam
683 1595 875 1643 relictis
901 1596 1166 1643 moenibus
1193 1610 1278 1642 rex
1301 1595 1519 1658 procidit

375 1661 493 1710 Heu
518 1663 798 1726 pervicacis
826 1663 891 1710 ad
917 1663 1073 1724 pedes
1099 1662 1331 1710 Achillei.

375 1729 559 1778 Setosa
582 1730 726 1777 duris
750 1745 933 1777 exuere
959 1730 1174 1792 pellibus
1734 1733 1792 1780 15

375 1796 641 1844 Laboriosi
666 1797 886 1858 remiges
912 1797 1083 1844 Ulixei

375 1863 595 1911 Volente
625 1863 773 1912 Circa
799 1864 1052 1924 membra3
1087 1868 1210 1910 tunc
1235 1877 1379 1911 mens
1403 1869 1456 1910 et
1478 1877 1636 1910 sonus

374 1930 633 1992 Relapsus
660 1936 810 1993 atque
839 1937 990 1978 notus
1016 1931 1068 1977 in
1093 1930 1263 1977 voltus
1287 1930 1462 1977 honor.

379 1997 513 2045 Dedi
540 1997 666 2044 satis
692 2012 942 2060 superque
967 2012 1244 2060 poenarum
1268 1997 1379 2054 tibi,

375 2064 567 2111 Amata
592 2065 763 2111 nautis
790 2065 1009 2111 multum
1033 2069 1086 2111 et
1110 2064 1447 2111 institoribus.
1733 2067 1796 2112 20

375 2131 535 2192 Fugit
549 2132 807 2192 Juventas,
836 2136 888 2178 et
913 2131 1228 2177 verecundus
1251 2131 1389 2178 color

376 2196 608 2260 Reliquit
632 2212 750 2244 ossa
775 2198 904 2260 pelle
932 2198 1120 2253 amicta
1143 2197 1339 2259 lurida3

376 2263 502 2311 Tuis
528 2264 739 2326 capillus
766 2265 911 2311 albus
937 2270 1016 2311 est
1041 2264 1312 2325 odoribus3

374 2329 587 2377 Nullum
614 2331 676 2377 ab
703 2332 875 2378 labore
902 2347 983 2378 me
1010 2331 1224 2378 reclinat
1249 2331 1438 2391 otium3

370 2395 543 2459 'Urget
566 2397 699 2444 diem
727 2413 826 2444 nox
851 2404 903 2445 et
928 2399 1036 2445 dies
1062 2402 1274 2456 noctem,
1301 2411 1461 2460 neque
1485 2400 1566 2444 est
1734 2397 1796 2443 25

377 2463 575 2511 Levare
599 2469 742 2511 tenta
766 2466 948 2527 spiritu
972 2464 1279 2528 praecordia.

376 2531 516 2592 Ergo
542 2537 786 2593 negatum
813 2533 985 2579 vincor
1010 2537 1068 2578 ut
1091 2532 1292 2578 credam
1317 2529 1482 2590 miser,

377 2597 579 2645 Sabella
603 2604 780 2660 pectus
807 2599 1065 2661 increpare
1090 2597 1328 2656 carmina,

378 2664 646 2727 Caputque
675 2665 850 2713 Marsa
877 2666 1096 2713 dissilire
1122 2664 1284 2712 nenia.

378 2732 514 2792 Quid
542 2731 756 2794 amplius
783 2730 899 2780 vis?
971 2731 1014 2779 O
1041 2747 1178 2780 mare
1202 2736 1255 2779 et
1278 2735 1426 2789 terra,
1453 2729 1618 2788 arde0,
1736 2731 1800 2776 30

319 2859 366 2895 63
386 2859 561 2896 sacravit
624 2861 646 2896 5
666 2858 800 2895 defixa
876 2859 922 2894 11
941 2859 1080 2896 luxere
1157 2858 1204 2894 18
1222 2858 1371 2893 relatus
1447 2856 1496 2892 22
1515 2866 1586 2892 ora
1603 2868 1623 2891 e
1640 2854 1740 2891 coni.

716 2909 767 2946 24
785 2921 810 2947 a
1109 2910 1156 2946 30
1177 2920 1199 2946 o
1218 2910 1325 2945 terra
