1878 3054
204 162 273 214 80

294 2875 340 2911 16
360 2878 497 2913 vetula
575 2878 620 2914 13
641 2878 815 2915 dimersa.
893 2879 939 2915 13
960 2879 1116 2916 excidio

665 174 905 216 HoRA'm
948 160 1295 216 cARvau

402 306 510 354 Nec
535 305 626 353 fios
650 321 932 369 purpureus
957 322 1117 366 rosae,

468 373 518 421 N
522 388 577 421 ec
602 373 725 436 poti,
754 374 995 433 vetulam,
1023 375 1160 422 faece
1184 379 1335 422 tenus
1359 376 1485 424 cadi.

912 515 1064 564 XVI.

403 616 662 665 Inclusam
689 617 897 664 DanaEn
922 617 1076 665 turris
1103 621 1268 678 aEnea,

403 684 763 746 Robustaeque
788 684 935 742 fores,
963 690 1015 732 et
1039 685 1254 747 vigilum
1280 701 1462 734 canum

405 750 600 798 Tristes
623 751 862 798 excubiae
889 752 1182 799 munierant
1204 753 1331 800 satis

537 817 814 865 Nocturnis
842 818 906 864 ab
933 818 1190 877 adulteris,

406 883 461 932 Si
486 899 587 931 non
613 885 884 942 Acrisium,
916 885 1126 946 virginis
1151 886 1351 934 abditae

404 950 681 999 Custodem
707 952 963 1014 pavidum,
991 952 1027 999 J
1031 953 1232 1015 uppiter
1255 958 1307 1001 et
1331 953 1511 1000 Venus

403 1017 692 1066 Risissent:
731 1019 834 1065 fore
862 1019 997 1065 enim
1021 1024 1189 1066 tutum
1214 1019 1309 1067 iter
1331 1026 1384 1067 et
1406 1026 1587 1082 patens

540 1085 800 1133 Converso
826 1086 879 1132 in
903 1086 1123 1148 pretium
1148 1086 1255 1134 deo.

402 1150 599 1198 Aurum
624 1167 713 1214 per
737 1152 934 1199 medios
959 1153 1030 1199 ire
1055 1153 1304 1201 satellites

403 1217 475 1265 Et
498 1233 817 1281 perrumpere
846 1224 983 1266 amat
1008 1235 1132 1267 saxa
1154 1220 1413 1283 potentius

400 1285 516 1332 Ictu
540 1285 809 1332 fulmineo:
850 1287 1069 1334 concidit
1093 1288 1302 1349 auguris

535 1352 719 1413 Argivi
747 1353 946 1411 domus,
976 1354 1038 1400 ob
1062 1354 1257 1400 lucrum

401 1418 648 1466 Demersa
671 1420 826 1466 exitio
848 1436 860 1478 3
899 1419 1082 1467 diffidit
1107 1421 1311 1468 urbium

401 1484 584 1532 Portas
609 1486 687 1532 vir
711 1486 944 1544 Macedo,
971 1492 1024 1534 et
1049 1487 1248 1535 subruit
1272 1487 1499 1535 aemulos

401 1551 576 1614 Reges
600 1553 923 1614 muneribus;
960 1569 1170 1601 munera
1196 1555 1404 1602 navium

537 1618 729 1667 Saevos
756 1620 1037 1682 illaqueant
1061 1621 1225 1668 duces.

402 1684 724 1733 Crescentem
753 1687 984 1749 sequitur
1007 1702 1130 1735 cura
1154 1688 1430 1750 pecuniam,

399 1752 752 1815 MaJorumque
779 1754 954 1801 fames,
1025 1755 1061 1802 J
1065 1770 1151 1801 ure
1175 1755 1437 1817 perhorrui

399 1818 528 1866 Late
555 1821 883 1882 conspicuum
908 1821 1082 1868 tollere
1111 1822 1364 1881 verticem,

532 1886 823 1946 Maecenas,
852 1888 1081 1950 equitum
1107 1889 1274 1937 decus.

400 1952 604 2013 Quanto
630 1954 845 2017 quisque
873 1955 969 2001 sibi
994 1955 1140 2017 plura
1165 1956 1441 2018 nega-verit,

397 2018 484 2067 Ab
510 2020 589 2067 dis
614 2021 761 2082 plura
785 2021 940 2068 feret:
978 2022 1051 2068 nil
1075 2023 1381 2084 cupientium

396 2085 580 2133 Nudus
605 2093 770 2134 castra
793 2093 927 2149 peto,
955 2093 1008 2134 et
1032 2089 1299 2149 transfuga
1324 2089 1543 2136 divitum

531 2153 712 2200 Partes
738 2154 963 2216 linquere
991 2155 1172 2216 gestio,

397 2218 733 2281 Contemptae
759 2221 997 2267 dominus
1024 2222 1335 2283 splendidior
1357 2222 1445 2279 rei,

379 2303 388 2311 ·’
399 2286 564 2345 Quam
590 2287 634 2332 si
659 2287 897 2349 quicquid
924 2293 1036 2334 arat
1061 2288 1277 2349 impiger
1301 2288 1505 2351 Apulus

397 2351 662 2400 Occultare
689 2354 815 2401 meis
841 2354 1035 2401 dicerer
1061 2354 1269 2412 horreis,

531 2419 753 2482 Magnas
778 2421 908 2468 inter
934 2436 1056 2483 opes
1079 2422 1239 2483 inops.

394 2483 558 2532 Purae
583 2486 721 2534 rivus
747 2503 921 2550 aquae,
951 2488 1180 2551 silvaque
1199 2490 1438 2550 Jugerum

395 2550 693 2610 Paucorum,
720 2559 772 2601 et
798 2555 990 2616 segetis
1016 2561 1154 2602 certa
1179 2556 1301 2603 fides
1326 2570 1483 2614 meae,

395 2617 700 2680 Fulgentem
727 2621 938 2683 imperio
964 2622 1146 2669 fertilis
1174 2622 1379 2669 Africae

528 2686 684 2734 Fallit
711 2693 843 2734 sorte
869 2689 1078 2735 beatior.

395 2752 717 2815 Quamquam
742 2769 832 2801 nec
860 2754 1106 2802 Calabrae
1132 2756 1284 2802 mella
1308 2756 1475 2802 ferunt
1501 2769 1637 2816 apes,

1219 2880 1267 2916 22
1289 2891 1314 2916 a.
1391 2880 1438 2916 26
1458 2891 1538 2915 non
1559 2880 1676 2929 piger

1698 303 1757 350 15

1697 1220 1756 1265 10

1696 1554 1756 1599 15

1694 1887 1756 1932 20

1692 2551 1754 2595 30
