1878 3054
183 157 256 206 30

650 170 890 209 HORA'H
934 170 1277 213 CARMINVM

888 351 1040 400 XVI.

385 451 428 500 Ο
454 457 614 500 matre
639 453 850 515 pulchra
877 453 977 500 filia
1001 453 1268 516 pulchrior,

386 520 548 580 Quem
573 521 857 567 criminosis
882 536 1094 582 cumque
1121 521 1262 568 voles
1285 523 1493 570 modum

451 586 618 633 Pones
644 586 841 644 iambis,
870 587 978 633 sive
1006 587 1208 635 flamma

518 652 635 700 Sive
662 653 787 699 mari
812 653 934 700 libet
962 653 1239 703 Hadriano,
1331 716 1334 718 v

381 719 432 766 N
436 734 500 766 on
526 720 858 781 Dindymene,
885 735 986 767 non
1013 721 1179 783 adytis
1204 723 1370 784 quatit

380 785 607 833 Mentem
633 787 952 834 sacerdotum
978 787 1142 835 incola
1167 787 1404 850 Pythius,

446 852 492 899 N
499 868 563 900 on
588 852 740 900 Liber
765 869 935 915 aeque,
963 869 1064 901 non
1090 860 1237 902 acuta

513 919 593 967 Sic
620 921 881 982 geminant
909 921 1227 983 Corybantes
1253 937 1382 984 aera,

380 986 574 1033 Tristes
600 994 656 1034 ut
682 987 798 1044 irae,
829 1003 956 1049 quas
983 1002 1142 1051 neque
1169 988 1388 1036 Noricus

380 1052 613 1100 Deterret
638 1055 773 1100 ensis
802 1069 892 1101 nec
919 1069 1054 1101 mare
1081 1056 1399 1116 naufragum,

445 1119 554 1167 Nec
580 1135 764 1167 saevus
790 1121 926 1182 ignis
951 1137 1042 1168 nec
1068 1123 1329 1169 tremendo

510 1187 546 1234 J
550 1188 750 1250 uppiter
777 1188 884 1250 ipse
912 1203 1060 1235 ruens
1084 1190 1322 1236 tumultu.

378 1253 561 1300 Fertur
587 1254 941 1313 PrometheuS,
970 1256 1150 1303 addere
1174 1255 1392 1318 principi

376 1320 524 1367 Limo
551 1326 754 1368 coactus
780 1322 1082 1384 particulam
1107 1323 1324 1386 undique

444 1387 729 1447 Desectam,
768 1396 820 1436 et
856 1388 1022 1436 insani
1058 1389 1217 1437 leonis

508 1454 630 1501 Vim
657 1455 919 1502 stomacho
945 1456 1452 1519 apposuissenostro.

376 1519 488 1568 Irae
528 1521 787 1583 Thyesten
824 1522 978 1569 exitio
1014 1523 1158 1584 gravi

376 1586 623 1646 Stravere,
650 1594 702 1635 et
727 1589 844 1635 altis
870 1589 1081 1636 urbibus
1105 1590 1313 1637 ultimae

441 1653 634 1701 Stetere
661 1671 844 1702 causae
871 1671 958 1703 cur
981 1657 1203 1719 perirent

509 1721 762 1769 Funditus
790 1723 1198 1786 imprimeretque
1222 1723 1383 1770 muris

374 1786 579 1834 Hostile
607 1795 827 1835 aratrum
856 1791 1105 1836 exercitus
1129 1791 1364 1838 insolens,

375 1853 648 1917 Compesce
675 1863 924 1904 mentem:
962 1871 1040 1904 me
1066 1872 1264 1920 quoque
1288 1857 1505 1919 pectoris

441 1920 735 1984 Temptavit
762 1923 811 1970 in
838 1923 1200 1985 dulciJuventa

507 1988 709 2047 Fervor‚
737 1995 788 2036 et
814 1991 863 2036 in
891 1990 1074 2037 celeres
1099 1990 1294 2037 iambos

372 2055 518 2101 Misit
543 2056 789 2102 furentem
813 2074 824 2116 3
863 2072 995 2102 nunc
1021 2071 1115 2117 ego
1141 2057 1352 2104 mitibus

375 2121 578 2168 Mutare
604 2137 788 2183 quaero
815 2123 996 2179 tristia,
1025 2123 1147 2169 dum'
1169 2123 1294 2169 mihi

441 2187 563 2235 Fias
598 2189 872 2235 recantatis
909 2189 1071 2235 amica

506 2253 798 2317 Opprobriis
823 2255 1148 2317 animumque
1173 2256 1371 2303 reddas

690 2324 701 2341 ἱ

856 2438 1038 2488 XVII.

371 2538 538 2585 Velox
563 2553 828 2585 amoenum
855 2554 1003 2601 saepe
1030 2540 1335 2586 Lucretilem

375 2604 547 2651 Mutat
573 2604 777 2666 Lycaeo
804 2605 1027 2661 Faunus,
1055 2611 1105 2652 et
1129 2606 1334 2667 igneam

442 2670 682 2718 Defendit
708 2676 954 2718 aestatem
979 2672 1186 2733 capellis

506 2737 681 2799 Usque
707 2738 833 2784 meis
858 2738 1157 2800 pluviosque
1182 2743 1377 2787 ventos.

287 2858 305 2894 Β
318 2863 518 2898 flammam
559 2839 566 2843 ·
648 2865 668 2897 5
689 2863 802 2909 adyti
822 2876 840 2898 e
859 2865 1078 2899 coniectura
1195 2865 1216 2899 8
1237 2864 1270 2899 si
1382 2865 1429 2900 23
1449 2866 1623 2902 tentavit

1669 1060 1728 1107 10

1665 1394 1725 1440 15

1666 1727 1728 1773 20

1666 2059 1726 2107 25
