1878 3054
235 159 336 212 184
680 173 920 212 HORATI
961 173 1329 214 sAmRARvM

231 303 446 351 Vincere
472 305 735 366 tangentis
760 306 890 352 male
917 306 1121 367 singula
1146 305 1296 353 dente
1323 306 1571 367 superb03

235 370 363 419 Cum
387 376 533 432 pater
556 372 664 434 ipse
691 372 870 419 domus
895 373 1042 435 palea
1063 377 1324 435 porrectus
1349 372 1399 418 in
1426 372 1587 419 horna

233 437 388 484 Es'set
414 437 535 484 ador
559 438 850 501 loliumque,
878 439 1024 501 dapis
1050 439 1259 486 meliora
1281 439 1580 500 relinquens.

234 503 461 551 Tandem
503 505 728 552 urbanus
773 506 836 553 ad
878 506 1040 553 hunc:
1091 510 1101 530 ⁴
1121 505 1257 567 Quid
1304 510 1355 552 te
1389 505 1571 566 juvat,'
1614 504 1791 567 inquit,

437 575 447 594 ‘
466 572 637 630 amice,
1731 570 1791 616 90

237 637 503 700 Praerupti
529 639 749 686 nemoris
774 640 1054 701 patientem
1079 639 1250 686 vivere
1276 635 1464 685 dorso?

236 704 335 751 Vis
359 708 416 751 tu
442 704 673 752 homines
699 706 971 768 urbemque
998 706 1116 753 feris
1140 719 1446 768 praeponere
1473 702 1655 751 silvis?
1715 751 1722 759 ,

238 770 402 832 Carpe
429 771 579 829 viam,
606 772 732 818 mihi
759 773 919 831 crede,
948 787 1131 831 comes,
1158 772 1417 819 terrestria
1441 771 1642 833 quando
1671 754 1878 799 W

235 837 484 884 Mortales
510 838 709 885 animas
736 840 921 886 vivunt
947 840 1144 897 sortita,
1171 853 1333 900 neque
1357 838 1463 884 ulla
1486 841 1566 884 est

236 905 348 951 Aut
372 919 558 966 magno
584 910 672 952 aut
697 921 857 967 parvo
883 906 972 953 leti
998 907 1149 967 fuga:
1187 920 1302 968 quo,
1328 905 1472 962 bone,
1500 904 1645 962 circa,
1737 900 1798 947 95

238 971 377 1018 Dum
402 971 531 1029 licet,
560 971 612 1018 in
637 973 786 1019 rebus
806 973 1045 1033 jucundis
1071 972 1187 1019 vive
1211 972 1405 1029 beatus,

237 1037 372 1084 Vive
398 1053 589 1085 memor
613 1054 763 1100 quam
792 1040 863 1086 sis
891 1039 1005 1086 aevi
1030 1039 1229 1086 brevis)
1300 1039 1445 1085 Haec
1469 1037 1557 1083 ubi
1582 1037 1720 1084 dicta

237 1104 513 1166 Agrestem
538 1106 788 1167 pepulere,
818 1107 970 1153 domo
994 1106 1122 1153 levis
1147 1105 1346 1166 exsilit3
1382 1104 1498 1151 inde

238 1171 407 1218 Ambo
433 1172 747 1234 propositum
774 1178 1028 1235 peragunt
1052 1174 1162 1231 iter,
1189 1172 1331 1219 urbis
1357 1175 1565 1218 aventes

239 1237 446 1285 Moenia
471 1239 705 1285 nocturni
732 1240 1018 1302 subrepere.
1091 1239 1312 1301 Jamque
1334 1238 1542 1286 tenebat
1705 1238 1797 1287 100

238 1303 357 1351 Nox
381 1305 604 1352 medium
630 1306 755 1352 caeli
784 1307 1021 1368 spatium.
1052 1321 1165 1353 cum
1190 1305 1335 1368 ponit
1357 1310 1567 1366 uterque

239 1371 302 1418 In
327 1371 575 1434 locuplete
601 1371 751 1419 domo
779 1374 1014 1434 vestigia,
1043 1373 1195 1420 rubro
1220 1372 1308 1418 ubi
1332 1386 1479 1418 cocco

241 1437 421 1485 Tincta
446 1453 598 1500 super
622 1439 780 1486 lectos
807 1440 1044 1487 canderet
1069 1439 1230 1486 vestis
1256 1439 1488 1497 eburnos,

239 1503 507 1567 Multaque
533 1506 594 1553 de
615 1521 804 1567 magna
829 1509 1153 1568 superessent
1178 1505 1364 1552 fercula
1389 1519 1526 1562 cena,

242 1573 384 1632 Quae
410 1572 582 1633 procul
606 1573 883 1620 exstructis
907 1573 1108 1620 inerant
1132 1571 1369 1619 hesterna
1392 1569 1642 1618 canistris
1708 1568 1799 1618 105

241 1637 397 1700 Ergo,
425 1639 508 1685 ubi
532 1654 786 1702 purpurea
809 1644 1096 1703 porrectum
1120 1639 1174 1685 in
1199 1643 1339 1686 veste
1363 1637 1554 1686 locavit

242 1704 531 1766 Agrestem,
561 1706 720 1753 veluti
748 1707 1035 1754 succinctus
1060 1706 1273 1753 cursitat
1297 1705 1480 1767 hospes

244 1770 622 1834 Continuatque
651 1773 822 1834 dapes,
851 1788 942 1821 nec
966 1788 1068 1820 non
1093 1772 1353 1819 verniliter
1377 1771 1503 1834 ipsis

242 1837 497 1900 Fungitur
521 1839 706 1896 officiis,
733 1840 1086 1901 praelambens
1109 1853 1256 1886 omne
1282 1838 1416 1901 quod
1440 1836 1594 1884 affert.

242 1905 336 1953 Ille
362 1906 555 1953 cubans
581 1906 774 1967 gaudet
799 1911 997 1954 mutata
1022 1910 1158 1953 sorte
1183 1905 1429 1966 bonisque
1710 1902 1803 1948 110

243 1971 419 2019 Rebus
445 1973 554 2034 agit
578 1973 769 2020 laetum
795 1974 1078 2029 convivam,
1106 1987 1219 2019 cum
1245 1971 1413 2018 subito
1437 1970 1621 2030 ingens

243 2038 528 2085 Valvarum
556 2040 799 2100 strepitus
825 2040 969 2087 lectis
995 2039 1217 2086 excussit
1239 2043 1521 2099 utrumque.

246 2104 458 2152 Currere
484 2120 573 2167 per
596 2111 762 2152 totum
786 2106 962 2167 pavidi
987 2105 1240 2162 conclave,
1267 2104 1534 2165 magisque

245 2171 521 2219 Exanimes
546 2172 814 2234 trepidare,
842 2172 992 2218 simul
1018 2172 1200 2218 domus
1225 2171 1329 2217 alta
1352 2168 1593 2216 Molossis

247 2237 519 2285 Personuit
544 2239 769 2286 canibus.
844 2238 975 2285 Tum
994 2238 1213 2284 rusticus
1235 2237 1415 2283 ‘Haud
1434 2235 1559 2282 mihi
1578 2233 1686 2280 vita
1710 2232 1804 2279 115

246 2303 344 2351 Est
370 2319 496 2367 opus
522 2304 649 2362 hac,'
676 2305 762 2363 ait,
793 2308 870 2351 ‘et
894 2305 1095 2365 valeas3
1130 2319 1210 2351 me
1237 2303 1368 2349 silva
1391 2315 1646 2362 cavusque

249 2371 412 2418 Tutus
438 2371 500 2418 ab
523 2371 724 2418 insidiis
747 2371 889 2419 tenui
915 2370 1161 2419 solabitur
1184 2370 1338 2417 ervo!
1356 2370 1384 2396 '²

963 2545 1087 2594 VII.

248 2650 377 2698 Dav.
406 2651 441 2698 J
446 2650 723 2698 amdudum
749 2650 988 2707 ausculto,
1010 2654 1062 2696 et
1086 2649 1293 2710 cupiens
1317 2646 1412 2695 tibi
1436 2646 1600 2693 dicere
1626 2657 1802 2692 servus

248 2717 433 2775 Pauca,
451 2717 733 2764 reformido.
795 2717 982 2763 Herus.
1003 2714 1282 2763 Davusne?
1343 2715 1471 2761 Dav.
1491 2713 1588 2769 Ita,
1607 2711 1799 2767 Davus,

449 2798 665 2829 amicum

496 2872 567 2907 109
587 2871 814 2920 praelibens
969 2871 1040 2907 116
1060 2871 1193 2907 valeat
1212 2868 1376 2905 editore·
1396 2866 1555 2916 quidam
