1846 3034
784 168 907 207 ms.
948 168 1016 207 11.
1056 157 1088 207 2
1624 156 1730 208 233

157 304 289 354 Rem
314 304 367 352 di
390 303 656 362 donarent,
684 303 758 350 illi
784 303 1026 350 decedere
1050 317 1263 365 pravam

160 371 478 433 Stultitiam3
513 373 722 430 et,‘cum
749 371 819 418 sis
845 371 1005 417 nihilo
1032 370 1310 432 sapientior
1333 385 1396 416 ex
1421 385 1520 432 quo

158 439 366 487 Plenior
387 453 458 496 es,
484 444 656 487 tamen
683 439 844 486 uteris
867 438 1206 489 monitoribus
1231 436 1432 485 isdem?

157 507 235 554 At
258 507 300 554 si
325 506 537 554 divitiae
562 507 864 570 prudentem
890 506 1098 553 reddere
1123 510 1348 568 possent,
1639 506 1731 553 155

161 573 216 623 Si
242 574 483 638 cupidum
507 573 846 636 timidumque
871 574 1042 620 minus
1066 579 1132 631 te,
1162 588 1342 635 nempe
1366 573 1576 620 ruberes

158 642 374 689 Viveret
398 642 451 688 in
476 642 627 688 terris
650 647 700 688 te
727 641 771 687 si
798 641 914 704 quis
942 641 1142 688 avarior
1168 655 1283 689 uno,

161 708 216 758 Si
240 709 503 773 proprium
530 714 610 756 est
638 709 774 771 quod
800 709 914 771 quis
940 708 1069 755 libra
1094 712 1348 755 mercatus
1373 713 1424 755 et
1449 722 1563 755 aere
1588 712 1684 767 est,

160 777 437 838 Quaedam,
465 777 509 823 si
532 777 698 824 credis
723 777 986 835 consultis,
1013 777 1274 839 mancipat
1298 791 1451 837 usus;

159 844 261 906 Qui
284 850 336 892 te
359 844 523 906 pascit
547 859 681 906 ager,
708 849 832 891 tuus
857 849 951 903 est,
979 848 1031 891 et
1059 844 1242 891 vilicus
1271 842 1409 901 Orbi,
1639 844 1732 891 160

161 911 288 960 Cum
317 916 520 974 segetes
545 917 689 959 occat
714 912 808 959 tibi
832 927 951 959 mox
977 912 1233 958 frumenta
1260 911 1487 969 daturas,

159 979 231 1027 Te
257 979 518 1027 dominum
544 980 713 1028 sentit.
791 979 900 1027 Das
926 994 1178 1036 nummos,
1208 978 1395 1040 accipis
1421 993 1593 1037 uvam,

161 1046 352 1105 Pullos,
380 1062 493 1105 ova,
522 1048 703 1095 cadum
730 1047 935 1095 temeti:
974 1062 1153 1109 nempe
1180 1046 1331 1092 modo
1358 1046 1458 1093 isto

160 1114 419 1162 Paulatim
446 1115 687 1162 mercaris
714 1130 908 1176 agrum,
939 1114 1154 1161 fortasse
1179 1114 1422 1161 trecentis

159 1182 272 1229 Aut
294 1182 449 1229 etiam
475 1197 633 1245 supra
656 1197 981 1229 nummorum
1006 1181 1215 1228 milibus
1240 1190 1483 1243 emptum,
1639 1182 1733 1229 165

161 1250 296 1311 Quid
323 1250 474 1297 refert
499 1250 645 1297 vivas
671 1255 937 1297 numerato
963 1264 1123 1312 nuper
1148 1265 1212 1296 an
1238 1248 1395 1296 olim?

160 1316 379 1381 Emptor
404 1317 600 1365 Aricini
626 1317 886 1380 quondam
913 1317 1150 1364 Veientis
1175 1322 1227 1364 et
1252 1317 1362 1364 arvi

160 1384 405 1448 Emptum
432 1390 580 1433 cenat
606 1385 733 1443 olus,
757 1385 996 1447 quamvis
1023 1384 1171 1432 aliter
1197 1390 1376 1447 putat3
1411 1384 1601 1446 emptis

162 1451 271 1500 Sub
296 1457 495 1500 noctem
520 1453 745 1514 gelidam
774 1452 928 1515 lignis
954 1453 1223 1500 calefactat
1251 1458 1435 1499 aenum
1456 1469 1468 1513 3

161 1518 261 1567 Sed
287 1525 438 1567 vocat
462 1534 624 1582 usque
651 1535 817 1579 suum,
848 1535 949 1582 qua
972 1521 1191 1583 populus
1219 1520 1387 1567 adsita
1411 1519 1565 1567 certis
1639 1518 1734 1570 170

160 1586 437 1635 Limitibus
464 1587 632 1635 vicina
659 1588 851 1650 refugit
869 1588 1076 1649 jurgia;
1112 1593 1377 1650 tamquam

161 1653 242 1702 Sit
267 1655 525 1718 proprium
551 1655 839 1718 quicquam,
868 1661 1058 1717 puncto
1085 1655 1218 1717 quod
1244 1654 1446 1702 mobilis
1472 1653 1626 1701 horae

160 1720 313 1770 Nunc
337 1737 497 1785 prece,
527 1737 658 1770 nunc
684 1723 861 1784 pre-tic,
892 1737 1023 1770 nunc
1050 1722 1117 1781 vi,
1146 1738 1279 1770 nunc
1306 1727 1468 1769 morte
1495 1736 1735 1784 suprema

161 1788 423 1837 Permutet
447 1790 681 1837 dominos
707 1790 929 1837 etcedat
955 1790 1003 1836 in
1032 1790 1193 1836 altera
1209 1791 1337 1851 jura.

160 1855 245 1905 Sic
271 1857 391 1920 quia
415 1862 693 1920 perpetuus
722 1857 849 1903 nulli
876 1857 1027 1904 datur
1053 1872 1190 1915 usus,
1218 1862 1270 1904 et
1296 1857 1443 1904 heres
1640 1856 1733 1907 175

159 1922 415 1972 Heredem
443 1924 653 1972 alterius
680 1925 822 1972 velut
847 1925 987 1972 unda
1013 1925 1308 1987 supervenit
1333 1924 1539 1983 undam,

161 1991 300 2053 Quid
329 1992 424 2039 vici
448 1997 664 2055 prosunt
690 1998 777 2040 aut
804 1990 1022 2039 horrea?
1060 1992 1247 2055 quidve
1277 1991 1513 2040 Calabris

160 2058 387 2107 Saltibus
414 2060 595 2120 adjecti
625 2060 836 2119 Lucani,
868 2061 910 2107 si
937 2060 1085 2107 metit
1112 2060 1273 2108 Orcus

159 2125 387 2175 Grandia
412 2142 526 2175 cum
552 2128 740 2190 parvis,
771 2143 870 2175 non
899 2128 1171 2175 exorabilis
1198 2126 1361 2175 auro?

158 2193 416 2252 Gemmas,
443 2210 676 2254 marmor,
705 2196 842 2254 ebur,
871 2195 1140 2258 Tyrrhena
1165 2195 1347 2257 sigilla,
1370 2193 1603 2253 tabellas,
1636 2194 1730 2241 180

157 2261 463 2324 Argentum,
492 2269 664 2310 vestes
692 2263 912 2311 Gaetulo
939 2263 1128 2311 murice
1155 2264 1360 2314 tinctas.

109 2343 115 2348 ·
158 2327 290 2377 Sunt
314 2330 400 2392 qui
429 2345 528 2377 non
556 2330 796 2388 habeant,
825 2336 905 2378 cst
930 2331 1014 2394 qui
1043 2346 1140 2378 non
1169 2335 1312 2378 curat
1339 2330 1535 2381 habere.

159 2394 265 2444 Cur
290 2397 418 2443 alter
444 2397 654 2444 fratrum
684 2412 880 2445 cessare
907 2403 958 2445 et
983 2397 1153 2445 ludere
1180 2409 1231 2445 et
1256 2397 1418 2458 ungui

157 2463 420 2511 Praeferat
447 2464 671 2512 Herodis
698 2465 935 2526 palmetis
961 2466 1252 2528 pinguibus,
1283 2465 1410 2512 alter

156 2529 317 2578 Dives
341 2536 392 2578 et
418 2531 739 2594 importunus
766 2533 827 2579 ad
857 2533 1086 2579 umbram
1115 2533 1239 2579 lucis
1267 2533 1331 2578 ab
1358 2536 1472 2579 ortu
1635 2531 1727 2576 185

157 2596 456 2645 Silvestrem
483 2597 700 2645 flammis
724 2605 776 2646 et
802 2599 931 2647 ferro
959 2600 1164 2663 mitiget
1190 2614 1383 2661 agrum,

789 2716 862 2752 154
881 2716 1105 2752 rationibus

158 2764 229 2801 158
248 2763 356 2814 quod
374 2765 466 2814 quis
485 2764 589 2801 libra
608 2769 806 2802 mercatur
825 2770 865 2802 et
883 2778 985 2811 aere,
1002 2766 1194 2816 quicquid
1217 2765 1319 2801 libra
1338 2775 1562 2801 mercamur
1581 2766 1619 2799 ct
1639 2774 1732 2799 acro

659 2817 728 2852 160
751 2817 909 2853 villicus
964 2818 1029 2852 161
1055 2818 1222 2852 daturus

413 2866 482 2903 163
502 2867 619 2903 modo
640 2871 700 2903 sto
722 2867 880 2914 (=inm)
904 2867 1066 2903 Lachm.
1084 2867 1134 2903 ad
1153 2867 1307 2902 laucrct.
1324 2867 1382 2901 iii.
1399 2866 1472 2900 954

514 2918 584 2954 173
606 2921 710 2953 sorte
730 2917 895 2953 editor-en
915 2917 1076 2966 qnidam
1183 2919 1251 2953 183
1274 2916 1371 2962 ungi
