1878 3054
147 195 219 248 40

590 199 831 237 HORA‘I'I
875 199 1222 239 CARMINVM

327 328 372 378 Ο
399 330 553 377 decus
581 329 775 378 Phoebi
800 335 852 378 et
877 331 1092 393 dapibus
1118 331 1341 393 supremi

330 395 491 445 Grata
515 398 721 445 testudo
746 398 782 446 J
786 398 911 455 ovis,
939 414 968 445 o
994 398 1228 445 laborum

328 463 488 512 Dulce
514 464 747 523 lenimen,
775 464 901 511 mihi
927 479 1140 528 cumque
1166 464 1307 512 salve

526 531 648 579 Rite
687 530 920 579 vocanti!

771 742 1041 793 XXXIII.

327 844 466 904 Albi,
493 860 555 892 ne
580 845 755 892 doleas
779 845 897 908 plus
924 846 1082 894 nimio
1106 861 1300 895 memor

326 912 547 959 Immitis
574 912 835 974 Glycerae,
865 927 963 960 neu
988 914 1306 962 miserabiles

328 979 583 1027 Decantes
609 979 794 1041 elegos,
824 994 911 1027 cur
934 980 1030 1027 tibi
1046 981 1219 1042 ,iunior

462 1045 628 1093 Laesa
664 1047 954 1108 praeniteat
990 1047 1098 1096 fide.

327 1112 592 1174 Insignem
617 1114 760 1160 tenui
788 1114 954 1162 fronte
981 1114 1236 1177 Lycorida

331 1179 455 1242 Gyri
478 1184 638 1227 torret
665 1195 820 1238 amor,
853 1181 1023 1244 Cyrus
1048 1182 1100 1229 in
1125 1197 1355 1246 asperam

329 1246 567 1294 Declinat
594 1247 823 1295 Pholoen
848 1265 860 1309 3
901 1249 990 1296 sed
1015 1250 1154 1311 prius
1179 1250 1369 1312 Apulis

462 1313 759 1375 Jungentur
798 1330 1011 1377 capreae
1049 1316 1197 1379 lupis,

331 1380 498 1441 Quam
523 1382 659 1443 turpi
688 1381 883 1429 Pholoe
912 1390 1087 1445 peccet
1111 1383 1354 1432 adultero.

333 1446 417 1495 Sic
443 1448 611 1494 visum
637 1448 843 1506 Veneri,
877 1451 958 1496 cui
983 1450 1149 1512 placet
1172 1451 1393 1514 impares

330 1513 546 1562 Formas
572 1519 725 1577 atque
755 1517 954 1564 animos
981 1517 1077 1564 sub
1093 1518 1223 1579 juga
1248 1523 1404 1566 aenea

467 1580 634 1629 Saevo
670 1583 875 1631 mittere
914 1598 1027 1631 cum
1054 1586 1184 1646 jocO.

328 1647 508 1711 Ipsum
530 1663 626 1706 mc,
653 1650 834 1697 melior
859 1665 972 1697 cum
997 1657 1193 1714 peteret
1218 1651 1413 1711 Venus,

333 1714 494 1763 Grata
517 1715 738 1764 detinuit
765 1717 1006 1780 compede
1032 1717 1258 1780 Myrtale

332 1782 612 1840 Libertina,
641 1783 784 1831 fretis
812 1784 974 1831 acrior
1000 1784 1229 1832 Hadriae

468 1848 746 1898 Curvantis
788 1850 1034 1900 Calabros
1073 1851 1230 1900 sinus

777 2060 1043 2110 XXXIV.

333 2161 526 2209 Parcus
552 2161 762 2209 deorum
789 2163 954 2211 cultor
978 2168 1030 2211 et
1055 2164 1358 2229 infrequenS,

332 2227 648 2276 Insanientis
686 2230 809 2276 dum
849 2230 1129 2293 sapientiae

401 2294 680 2343 Consultus
707 2310 835 2354 erro,
865 2312 998 2345 nunc
1023 2303 1299 2346 retrorsum

465 2362 597 2409 Vela
621 2362 741 2410 dare
773 2370 924 2425 atque
952 2364 1135 2412 iterare
1162 2380 1340 2413 cursus

333 2427 503 2490 Cogor
526 2429 727 2477 relictos
751 2447 762 2477 ε
804 2446 1023 2493 namque
1051 2432 1325 2494 Diespiter,

331 2495 450 2558 Igni
475 2511 683 2544 corusco
723 2498 900 2545 nubila
941 2499 1176 2546 dividens

399 2562 721 2627 Plerumque,
750 2581 841 2628 per
867 2581 1052 2628 purum
1076 2571 1314 2621 tonantes

460 2630 584 2692 Egit
610 2647 770 2694 equos
799 2634 1157 2696 volucremque
1184 2647 1400 2691 currum,

333 2696 446 2757 Quo
471 2698 621 2746 bruta
647 2699 799 2746 tellus
824 2705 876 2747 et
901 2716 1036 2763 vaga
1062 2700 1283 2759 flumina,

333 2763 447 2824 Quo
474 2763 606 2827 Styx
632 2770 684 2813 et
709 2766 862 2814 invisi
889 2766 1093 2815 horrida
1121 2767 1339 2815 Taenari

387 2890 436 2927 14
453 2893 654 2929 continuit
957 2897 980 2931 5
998 2896 1163 2932 relectus
1183 2909 1202 2932 e
1222 2897 1444 2934 coniectura

1616 470 1676 518 15

1620 1452 1680 1500 10

1623 1786 1682 1833 15

1626 2769 1685 2818 10
