1878 3054
260 161 361 235 αδ

764 171 937 210 HORA
948 171 1007 210 '1¹1
1049 169 1302 210 ΕΡΟΒΟΝ

454 302 601 350 Licet
637 302 887 364 superbus
926 303 1154 350 ambules
1190 302 1421 364 pecunia,
1471 334 1475 336 -

521 370 752 417 Fortuna
790 385 890 416 non
926 375 1093 417 mutat
1128 383 1301 431 genuS.

454 437 696 494 Videsne,
737 436 943 484 Sacram
981 437 1220 483 metiente
1257 442 1306 483 te
1343 436 1481 484 viam

523 504 653 552 Cum
690 503 770 550 bis
806 503 961 550 trium
1003 503 1235 550 ulnarum
1270 507 1408 565 toga,

453 571 528 618 Ut
565 585 651 618 ora
689 575 854 617 vertat
893 570 990 617 huc
1026 575 1078 617 et
1117 570 1214 617 huc
1249 570 1479 617 euntium

518 637 801 684 Liberrima
838 636 1162 699 indignatio?

453 707 481 729 “
503 704 684 752 Sectus
722 703 934 766 flagellis
973 703 1054 751 hic
1092 704 1513 764 triumviralibUS,

520 771 793 818 Praeconis
831 771 896 818 ad
933 771 1210 831 fastidium,

451 837 584 885 Arat
620 838 824 885 Falerni
862 838 998 885 mille
1037 838 1181 886 fundi
1207 840 1391 902 jugera

520 905 588 951 Et
624 905 846 968 Appiam
882 905 1084 952 mannis
1120 906 1255 964 terit,

455 970 810 1034 sedilibusque
838 986 1058 1034 magnus
1087 972 1140 1019 in
1166 973 1342 1035 primis
1367 988 1537 1037 equeS,

518 1037 719 1086 Othone
756 1044 1062 1102 contempto,
1103 1038 1275 1088 sedet!

453 1104 588 1165 Quid
626 1105 810 1152 attinet
846 1109 924 1152 tot
963 1120 1052 1153 ora
1088 1107 1298 1155 navium
1335 1108 1482 1170 gravi

519 1171 766 1223 Rostrata
802 1172 919 1220 duci
956 1173 1180 1236 pondere

453 1237 645 1287 Contra
668 1239 892 1286 latrones
920 1246 1075 1303 atque
1103 1241 1338 1290 servilem
1366 1257 1589 1304 manum,

520 1305 649 1365 Hoc,
688 1305 783 1354 hoc
819 1305 1027 1355 tribuno
1066 1307 1369 1358 militum?'’

1003 1459 1055 1508 V

402 1563 431 1586 “
449 1559 538 1618 At,
566 1574 595 1607 o
620 1559 829 1608 deorum
856 1562 1092 1625 quicquid
1117 1562 1170 1611 in
1196 1564 1335 1613 caelo
1361 1565 1495 1628 regit

519 1626 703 1674 Terras
739 1632 790 1674 et
828 1627 1108 1676 humanum
1144 1645 1321 1692 genuS,

453 1693 589 1755 Quid
614 1693 711 1741 iste
739 1694 834 1742 fert
858 1696 1125 1755 tumultus,
1154 1704 1206 1745 et
1229 1698 1350 1760 quid
1376 1698 1601 1748 omnium

519 1760 708 1808 Voltus
743 1761 795 1808 in
834 1776 993 1809 unum
1028 1778 1108 1810 me
1146 1763 1353 1813 truces?

453 1827 553 1875 Per
586 1827 773 1875 liberos
809 1832 874 1887 te,
915 1829 960 1876 si
997 1836 1180 1878 vocata
1218 1832 1465 1894 partubus

520 1893 717 1942 Lucina
752 1895 887 1942 veris
927 1896 1103 1957 adfuit,

451 1961 551 2008 Per
575 1960 670 2008 hoc
694 1962 842 2009 inane
869 1978 1121 2026 purpurae
1149 1964 1303 2013 decus
1327 1980 1518 2027 precor,

518 2028 616 2074 Per
640 2028 1047 2089 improbaturum
1076 2030 1198 2079 haec
1223 2031 1424 2091 Jovem,

452 2094 587 2154 Quid
614 2100 670 2140 ut
695 2109 915 2143 noverca
940 2111 1020 2143 me
1047 2097 1278 2158 intueris,
1307 2103 1396 2146 aut
1422 2100 1498 2148 uti

518 2160 688 2207 Petita
724 2162 854 2209 ferro
894 2162 1124 2211 belua?''

449 2224 525 2273 Ut
550 2226 674 2274 haec
697 2229 937 2276 trementi
965 2235 1176 2292 questus
1205 2246 1288 2280 ore
1314 2235 1547 2283 constitit

515 2293 814 2355 Insignibus
851 2297 1013 2358 raptis
1049 2313 1186 2359 puer,

449 2358 663 2421 Impube
690 2376 887 2423 corpus,
917 2364 1066 2425 quale
1092 2369 1268 2427 posset
1296 2366 1453 2430 impia

515 2426 716 2474 Mollire
757 2428 1012 2477 Thracum
1049 2436 1267 2492 pectora,

448 2489 673 2551 Canidia,
702 2494 945 2543 brevibus
971 2497 1233 2560 implicata
1257 2499 1446 2562 viperis

517 2559 697 2607 Crines
723 2566 774 2608 et
801 2562 1116 2626 incomptum
1142 2570 1307 2626 caput,

446 2625 483 2673 J
486 2625 607 2673 ubet
633 2628 917 2689 sepulchris
944 2630 1203 2691 caprificos
1227 2637 1415 2692 erutas,

515 2692 675 2740 Jubet
712 2709 981 2756 cupressus
1020 2697 1270 2758 funebres,

375 2807 396 2844 1
418 2808 524 2855 regis
579 2809 600 2845 3
621 2811 693 2846 aut
745 2810 770 2845 4
789 2811 924 2846 vultus
979 2813 1001 2847 6
1021 2813 1137 2849 affuit
1189 2814 1235 2851 10
1256 2814 1390 2852 bellua
1443 2816 1490 2852 15
1511 2816 1668 2864 illigata

892 2862 938 2896 18
959 2873 1168 2911 cupressos

1747 641 1807 688 10

1747 973 1808 1020 15

1746 1307 1807 1353 20

1750 2177 1810 2225 10

1750 2509 1809 2557 15
