1878 3054
267 161 371 211 154
716 175 956 214 HORA'PI
999 174 1367 218 sA'rmARVM

267 305 454 353 Omnes
481 308 914 369 comp‘osui.''—“
934 308 1128 356 Felices
1145 307 1179 357 l-
1226 308 1378 357 Nunc
1401 325 1497 372 ego
1520 315 1671 360 resto.
1731 315 1737 343 ἵ

268 372 495 434 Confice3
532 390 748 436 namque
775 375 935 422 instat
961 376 1119 423 fatum
1146 376 1273 422 mihi
1297 378 1457 435 triste,
1483 377 1687 425 Sabella

267 440 415 499 Quod
439 456 592 502 puero
619 442 799 488 cecinit
823 443 996 489 divina
1020 447 1160 489 mota
1185 458 1314 490 anus
1340 459 1492 491 urna:
1773 440 1834 486 30

267 507 446 553 ‘Hunc
471 523 629 568 neque
656 508 776 554 dira
800 524 1008 566 venena,
1034 525 1128 557 ‘nee
1151 511 1376 557 hosticus
1401 509 1607 572 auferet
1631 513 1786 569 ensis,

272 573 375 619 Nec
402 573 621 620 laterum
646 575 791 620 dolor
815 580 904 621 aut
928 576 1099 634 tussis,
1126 591 1219 623 nec
1241 577 1394 623 tarda
1412 577 1654 638 podayra
1672 594 1688 635 ,-

273 640 536 687 Garrulus
561 642 699 688 hunc
723 641 926 703 quando
951 647 1210 690 consumet
1233 652 1452 705 eumque
1466 661 1485 700 ;
1525 645 1782 706 loquaces,

270 706 330 755 Sz·
354 708 538 768 sapiat,
565 710 695 766 vitet,
721 709 883 756 simul
907 713 1055 771 atque
1079 710 1362 757 adoleverit
1385 712 1558 758 aetas.'
1579 712 1606 737 ’'

333 838 555 887 Ventum
585 846 693 889 erat
718 842 782 889 ad
807 842 1013 902 Vestae,
1042 848 1226 906 quarta
1240 844 1349 905 jam
1372 849 1516 905 parte
1542 844 1643 891 diei
1763 847 1824 893 35

268 906 562 966 Praeterita,
590 914 641 955 et
666 923 787 955 casu
811 914 932 957 tunc
956 911 1256 971 respondere
1285 911 1470 958 vadato

266 973 525 1035 Debebat;
562 976 697 1036 quod
724 976 774 1021 ni
799 977 1015 1035 fecisset,
1043 978 1248 1039 perdere
1273 977 1428 1025 litem.

268 1044 294 1063 “
313 1039 365 1087 Si
386 1055 464 1087 me
483 1044 676 1100 amas,”
692 1042 868 1104 inquit,
890 1048 916 1068 ‘⁴
929 1044 1137 1106 paulum
1153 1044 1234 1091 hic
1250 1044 1420 1091 ades.''
1454 1049 1481 1070 “
1495 1045 1766 1103 Inteream,
1780 1045 1824 1092 si

266 1106 375 1154 Aut
399 1108 542 1155 valeo
568 1114 702 1156 stare
730 1114 819 1156 aut
843 1111 962 1157 novi
985 1110 1155 1158 civilia
1170 1112 1318 1172 jura3

265 1172 335 1219 Et
374 1189 586 1236 propero
627 1191 727 1238 quo
769 1177 918 1224 scis.’'
989 1177 1230 1225 “Dubius
1272 1192 1386 1225 sum
1429 1178 1550 1240 quid
1592 1179 1824 1236 faciam,'?

462 1241 640 1304 inquit,
1062 1273 1066 1278 -
1760 1249 1822 1294 40

265 1310 292 1330 ‘¹
310 1306 445 1355 Tene
493 1308 772 1371 relinquam
819 1326 885 1358 an
931 1313 1068 1359 rem.’
1170 1315 1198 1336 “
1219 1311 1320 1371 Me,
1369 1312 1567 1360 sodes.'²
1657 1316 1684 1337 “
1703 1313 1822 1360 Non

461 1375 643 1423 faciam
664 1378 705 1435 ’⁷,
741 1377 839 1435 ille,
1807 1430 1812 1433 Α

262 1439 331 1487 Et
354 1443 650 1502 praecedere
676 1445 852 1505 coepit.
926 1445 1054 1506 Ego,
1081 1450 1139 1494 ut
1162 1445 1463 1494 contendere
1489 1446 1672 1493 durum
1696 1452 1776 1493 est

262 1505 391 1554 Cum
417 1509 620 1568 victore,
649 1525 843 1572 sequor.
919 1516 946 1536 ‘⁴
964 1511 1235 1560 Maecenas
1261 1513 1514 1574 quomodo
1538 1519 1705 1560 tecum
1728 1512 1748 1560 ?
1768 1516 1796 1540 ''

260 1573 310 1619 H
318 1574 397 1622 inc
408 1577 590 1639 repetit
602 1594 613 1637 ;
633 1582 659 1601 ‘⁴
672 1591 944 1639 paucorum
963 1578 1224 1626 hominum
1235 1584 1287 1626 et
1302 1579 1488 1626 mentis
1499 1579 1623 1626 bene
1635 1594 1788 1627 sanae
1805 1597 1816 1638 ;

259 1639 422 1688 Nemo
448 1643 705 1691 dexterius
730 1644 935 1691 fortuna
958 1650 1039 1693 est
1061 1659 1199 1694 usus.
1273 1645 1504 1693 Haberes
1756 1653 1817 1699 45

258 1705 506 1769 Magnum
533 1711 829 1771 adjutorem,
856 1717 1032 1773 posset
1055 1713 1141 1774 qui
1166 1713 1294 1760 ferre
1320 1713 1580 1771 secundas,

258 1773 409 1821 Hunc
435 1775 689 1824 hominem
716 1778 873 1826 velles
900 1779 942 1825 si
968 1779 1196 1840 tradere;
1231 1780 1528 1841 dispeream,
1555 1780 1608 1827 ni

258 1839 578 1890 Summ6sses
605 1843 830 1893 omnes.''
901 1850 928 1870 ‘⁴
946 1845 1065 1893 Non
1088 1846 1188 1893 isto
1214 1846 1436 1894 vivimus
1461 1847 1578 1906 illic,

257 1907 367 1967 Quo
392 1913 450 1956 tu
473 1925 593 1969 rere,
622 1911 770 1958 modo
792 1929 804 1973 3
841 1912 1023 1960 domus
1049 1912 1144 1960 hac
1169 1928 1260 1961 nec
1281 1914 1452 1977 purior
1474 1914 1579 1960 ulla
1601 1918 1681 1961 est

253 1973 303 2020 N
306 1990 360 2023 ec
386 1977 553 2038 magis
578 1977 658 2025 his
684 1978 850 2026 aliena
876 1980 1026 2026 malis
1047 1997 1058 2040 ;
1085 1980 1157 2027 nil
1180 1980 1251 2030 mi
1271 1980 1468 2038 officit,'’
1487 1980 1708 2042 inquam,
1748 1987 1813 2034 50
1835 2009 1838 2012 ‹

255 2045 282 2065 “
303 2042 470 2090 Ditior
498 2044 577 2092 hic
604 2050 693 2092 aut
717 2050 797 2093 est
821 2046 938 2108 quia
965 2047 1159 2094 doctior
1181 2063 1192 2108 ;
1229 2051 1309 2094 est
1331 2047 1472 2095 locus
1498 2048 1585 2094 uni

255 2107 447 2170 Cuique
466 2114 638 2159 suus.⁷'
665 2117 692 2136 “
706 2112 955 2174 Magnum
974 2128 1164 2172 narras,
1179 2114 1267 2161 vix
1278 2113 1581 2162 credibilel’'
1608 2113 1811 2176 “Atqui

255 2174 338 2222 Sic
363 2176 563 2224 habet.'’
635 2182 663 2240 ‘.‘
682 2179 951 2238 Accendis,
980 2195 1134 2242 quare
1159 2180 1358 2242 cupiam
1385 2181 1551 2242 magis
1575 2181 1649 2227 illi

253 2241 520 2303 Proximus
536 2248 696 2293 esse.'’
758 2250 785 2270 “
803 2246 948 2293 Velis
963 2247 1344 2295 tantummodo:
1371 2263 1499 2310 quae
1518 2252 1609 2295 tua
1625 2248 1804 2305 virtus,

250 2308 584 2375 Expugnabis
604 2303 634 2372 3'
651 2317 702 2360 et
725 2317 806 2360 est
829 2314 914 2376 qui
941 2314 1075 2361 vinci
1098 2313 1277 2375 possit,
1303 2329 1462 2376 eoque
1743 2317 1804 2362 55

249 2375 486 2424 Difficiles
513 2379 681 2426 aditus
706 2380 897 2441 primos
924 2380 1124 2435 habet?
1184 2385 1212 2405 “
1233 2380 1389 2428 Haud
1413 2380 1538 2428 mihi
1562 2381 1742 2428 deero:

248 2441 547 2492 Muneribus
574 2460 748 2493 servos
774 2462 1118 2510 corrumpam3
1155 2461 1270 2505 non,
1297 2447 1446 2495 hodie
1472 2447 1516 2495 si

248 2508 497 2558 Exclusus
523 2512 677 2570 fuero,
706 2514 979 2575 desistam3
1015 2519 1242 2577 tempora
1265 2529 1518 2576 quaeram,

247 2574 520 2624 Occurram
546 2579 597 2624 in
624 2579 806 2638 triviis,
835 2581 1091 2640 deducam.
1165 2580 1253 2627 Nil
1279 2581 1386 2627 sine
1412 2595 1599 2642 magno

246 2640 368 2689 Vita
386 2644 555 2691 labore
577 2646 715 2692 dedit
734 2647 1085 2694 mortalibus.⁷⁷
1156 2646 1299 2694 Haec
1319 2647 1435 2693 dum
1459 2648 1714 2712 agit„ecce
1741 2650 1802 2697 60

247 2705 443 2757 Fuscus
470 2711 700 2759 Aristius
726 2714 951 2775 occurrit,
980 2713 1104 2760 mihi
1129 2727 1288 2773 carus,
1315 2717 1367 2760 et
1390 2714 1534 2760 illum
1586 2714 1587 2717 ’

390 2828 437 2862 30
457 2828 602 2864 cecinit
618 2840 741 2877 puero
844 2831 892 2866 36
911 2831 1081 2867 vadatus
1184 2831 1232 2866 38
1251 2831 1328 2866 huc
1429 2831 1477 2866 48
1495 2830 1649 2867 vivitur

708 2880 755 2915 50
775 2880 895 2916 officit
913 2892 1102 2930 umquam
1206 2882 1252 2916 60
1272 2882 1330 2917 ait
