1846 3034
782 195 905 235 12113.
946 195 986 234 1.
1027 183 1094 234 19
1615 183 1726 237 219

149 332 314 398 Rupit
337 332 588 381 Iarbitam
615 330 914 394 Timagenis
941 330 1143 378 aemula
1166 329 1358 392 lingua,
1628 333 1706 379 -15

58 448 67 455 ,
150 402 287 450 Dum
313 401 488 449 studet
511 400 739 448 urbanus
763 398 1031 462 tenditque
1057 398 1277 446 disertus
1303 396 1493 444 haberi.

148 469 354 532 Decipit
377 467 640 531 exemplar
664 467 808 515 vitiis
833 465 1114 527 imitabile;
1151 465 1287 528 quod
1313 464 1358 512 si

150 537 402 586 Pallerem
428 551 567 594 casu,
594 535 829 583 biberent
852 549 1114 596 exsangue
1141 532 1416 581 cuminum.

150 603 194 653 Ο
221 605 522 662 imitatoreS,
551 618 755 651 servum
781 617 950 664 pecus,
980 608 1037 648 ut
1061 600 1188 648 mihi
1216 615 1368 662 saepe

58 716 66 721 ,
147 672 329 731 Bilem,
357 686 509 735 saepe
538 672 714 733 jocum
740 669 896 717 vestri
923 683 1129 717 movere
1154 665 1456 724 tumultusl,
1649 671 1711 718 20

149 739 339 788 Libera
361 754 452 802 per
477 753 696 786 vacuum
723 737 872 800 posui
896 737 1120 798 vestigia
1145 736 1394 799 princeps,

149 807 269 856 Non
294 807 463 855 aliena
486 821 599 854 meo
624 805 789 869 pressi
815 805 957 868 pede.
1035 804 1134 865 Qui
1162 803 1259 851 sibi
1283 803 1409 862 fidit,

150 875 272 929 Dux
298 875 431 938 regit
456 889 684 922 examen.
761 873 944 921 Parios
969 887 1066 934 ego
1089 872 1285 935 primus
1311 870 1511 918 iambos

151 942 368 992 Ostendi
394 938 562 1001 Latio,
590 956 830 989 numeros
857 940 1155 1003 animosque
1182 944 1389 987 secutus

150 1010 462 1068 Archilochi,
490 1008 700 1057 non'res
724 1014 776 1056 et
803 1009 1011 1071 agentia
1038 1007 1194 1055 verba
1220 1005 1529 1070 Lycamben.
1645 1009 1715 1061 25

150 1082 230 1129 Ac
255 1094 317 1126 ne
343 1093 422 1126 me
447 1078 581 1125 foliis
605 1077 720 1124 ideo
743 1075 1062 1124 brevioribus
1088 1090 1251 1134 ornes,

153 1147 302 1208 Quod
327 1146 477 1194 timui
502 1150 704 1192 mutare
729 1144 911 1191 modos
937 1150 988 1191 et
1012 1143 1252 1191 carminis
1280 1146 1457 1199 artem,

153 1214 428 1278 Temperat
453 1212 753 1261 Archilochi
779 1211 989 1259 Musam
1014 1211 1141 1274 pede
1166 1211 1398 1261 mascula
1425 1209 1649 1273 Sappho,

153 1283 428 1346 Temperat
451 1281 691 1339 Alcaeus,
721 1280 811 1328 sed
838 1280 991 1327 rebus
1012 1286 1068 1329 et
1086 1278 1265 1327 ordine
1293 1278 1478 1341 dispar,

154 1351 263 1400 Nec
290 1364 520 1398 socerum
546 1348 746 1412 quaerit
773 1363 924 1414 quen
945 1347 1185 1395 versibus
1211 1346 1407 1394 oblinat
1436 1345 1574 1405 atris,
1655 1347 1718 1394 30

155 1419 266 1468 Nec
290 1432 509 1482 sponsae
534 1416 774 1482 laquem
797 1416 998 1463 famoso
1025 1415 1246 1462 carmine
1271 1414 1443 1462 nectit.

159 1487 311 1536 Hunc
335 1500 447 1552 ego,
466 1500 578 1535 m
595 1485 706 1532 alio
734 1484 927 1532 dictum
952 1483 1097 1546 prius
1123 1497 1224 1540 ore,
1253 1481 1472 1530 Latinus

156 1553 383 1617 Ῡιξοτὶ
404 1553 620 1615 fidicen;
646 1553 801 1615 juvat
827 1551 1187 1599 immemorata
1213 1550 1462 1598 ferentem

158 1621 407 1684 Ingenuis
432 1621 692 1683 oculisque
719 1619 822 1682 legi
848 1619 1188 1681 manibusque
1214 1618 1391 1666 teneri.

231 1689 369 1738 Scire
397 1689 539 1747 velis,
566 1703 682 1735 mea
706 1702 795 1735 cur
819 1687 1055 1749 ingratus
1082 1685 1329 1748 opuscula
1353 1685 1513 1732 lector
1659 1683 1722 1731 35

160 1757 364 1808 Laudet
389 1763 625 1818 ametque
651 1754 806 1813 domi,
833 1758 1033 1817 premat
1057 1760 1201 1801 extra
1226 1753 1383 1799 limen
1407 1748 1652 1814 iniquus?

162 1824 281 1875 Non
304 1840 402 1887 ego
428 1830 672 1871 ventosae
698 1822 864 1886 plebis
891 1821 1136 1884 suffragia
1161 1835 1318 1868 venor

163 1893 420 1956 Impensis
445 1905 683 1939 cenarum
708 1895 761 1938 et
784 1889 935 1937 tritae
959 1903 1168 1936 munere
1195 1888 1388 1950 vestis3

162 1960 280 2009 Non
305 1976 417 2024 ego,
445 1959 692 2007 nobilium
720 1957 1021 2020 scriptorum
1048 1956 1251 2004 auditor
1274 1963 1327 2004 et
1353 1955 1499 2014 ultor,

165 2027 543 2078 Grammaticas
568 2026 761 2074 ambire
787 2025 952 2073 tribus
977 2029 1029 2072 et
1053 2024 1255 2088 pulpita
1279 2024 1490 2085 dignor:
1662 2021 1724 2068 40

166 2096 305 2145 Hinc
331 2096 447 2143 illae
473 2095 728 2142 lacrimae.
805 2097 832 2117 ‘⁴
855 2092 1049 2155 Spissis
1075 2091 1287 2154 indigna
1312 2090 1533 2138 theatris

167 2163 369 2228 Scripta
394 2164 553 2227 pudet
577 2161 791 2209 recitare
816 2165 870 2208 et
895 2160 1046 2222 nugis
1073 2159 1258 2207 addere
1282 2158 1536 2222 pondus,''

169 2231 225 2280 Si
250 2232 384 2280 dixi:
424 2236 451 2255 ⁴⁴
472 2229 687 2289 Rides,''
713 2229 800 2287 ait,
827 2233 855 2253 ‘⁴
873 2232 925 2275 et
949 2227 1101 2275 Jovis
1128 2227 1337 2275 auribus
1364 2226 1467 2274 ista

170 2298 387 2360 Servas3
424 2298 536 2346 fidis
561 2297 698 2345 enim
724 2310 933 2344 manare
958 2295 1158 2358 poetica
1182 2294 1334 2342 mella

169 2366 241 2416 Te
267 2367 447 2425 solum,
474 2366 571 2413 tibi
596 2364 855 2429 pulcher.''
927 2362 1013 2412 Ad
1040 2362 1166 2411 haec
1191 2377 1288 2425 ego
1314 2360 1522 2408 naribus
1547 2358 1624 2408 uti
1663 2355 1725 2404 45

170 2434 427 2491 Formido,
454 2444 520 2492 et,
549 2432 797 2480 luctantis
822 2438 972 2479 acuto
998 2446 1060 2479 ne
1087 2445 1226 2478 secer
1250 2430 1425 2491 ungui,

171 2506 198 2527 ‘⁴
218 2501 470 2564 Displicet
495 2501 591 2548 iste
618 2500 811 2557 locus,’'
835 2499 1015 2557 clamo,
1042 2502 1095 2546 et
1120 2497 1317 2545 diludia
1342 2510 1510 2560 posco.

170 2568 349 2616 Ludus
374 2569 508 2616 enim
536 2567 717 2630 genuit
741 2567 999 2629 trepidum
1025 2571 1281 2613 certamen
1308 2570 1359 2611 et
1386 2563 1528 2619 iram,

174 2636 258 2684 Ira
283 2641 451 2684 truces
477 2634 771 2683 inimicitias
794 2639 847 2682 et
873 2633 1080 2681 funebre
1106 2633 1307 2680 bellum.

235 2792 282 2828 15
301 2803 426 2829 coena
478 2791 525 2827 22
545 2790 642 2827 fidet
695 2790 742 2826 23
757 2760 874 2837 reget
928 2787 975 2826 32
996 2787 1154 2825 Latinis
1210 2787 1256 2823 39
1278 2786 1438 2823 adiutor
1491 2783 1539 2819 46
1560 2792 1694 2829 ungue

773 2920 1124 2957 M.—
