1878 3054
701 206 703 208 .
774 175 896 214 ΜΒ.
935 175 1003 214 11.
1045 160 1077 216 7
1599 165 1704 217 185

133 307 451 372 Mancipium
475 307 683 356 domino
709 311 761 354 et
787 307 938 370 frugi,
968 309 1103 371 quod
1129 309 1198 356 sit
1223 309 1368 368 satie,
1397 310 1492 358 hoc
1516 315 1610 371 est,

133 377 210 426 Ut
234 375 388 424 vitale
410 381 571 439 putes.
645 376 770 423 Her.
802 375 932 437 Age,
961 375 1196 423 libert-ate
1224 376 1509 437 Decembri,

134 443 349 507 Quando
373 442 449 490 ita
470 443 691 505 majores
716 443 1004 503 voluerunt,
1031 448 1174 490 utere
1195 460 1207 505 3
1244 458 1410 492 narra.
1675 445 1704 491 5

198 579 331 627 Dav.
355 577 484 625 Pars
509 576 773 624 hominum
793 578 936 626 vitiis
957 578 1149 640 gaudet
1172 581 1468 626 constanter
1486 583 1538 627 et
1556 584 1703 642 urget

135 645 491 708 Propositum3
526 660 647 708 pars
671 645 836 692 multa
858 651 1020 704 natat,
1046 646 1198 693 modo
1225 652 1365 693 recta
1389 662 1679 709 capessens,

134 713 399 762 Interdum
422 713 597 775 pravis
623 713 858 760 obnoxia.
935 712 1097 775 Saepe
1123 718 1331 761 notatus

139 779 268 830 Cum
293 779 456 827 tribus
482 780 675 838 anellis,
703 780 854 827 modo
878 780 1030 827 laeva
1055 781 1264 828 Priscus
1290 780 1445 840 inani,

136 847 284 895 Vixit
306 846 601 909 inaequalis,
629 847 832 894 clavum
856 853 914 894 ut
939 852 1162 895 mutaret
1187 847 1241 895 in
1267 848 1434 907 horas,
1500 859 1502 861 ’
1643 849 1703 895 10

136 913 366 964 Aedibus
390 928 455 961 ex
475 915 680 977 magnis
707 915 876 962 subito
903 930 956 962 se
982 916 1236 974 conderet,
1263 916 1396 963 unde

136 980 376 1029 Mundior
394 981 556 1029 exiret
581 982 668 1030 vix
690 981 960 1029 libertinus
986 982 1227 1044 honeste3

135 1047 257 1098 «Iam
280 1047 521 1096 moechus
547 1048 760 1107 Romae,
779 1050 889 1111 jam
914 1050 1090 1097 mallet
1114 1050 1296 1098 doctus
1322 1048 1546 1098 Athenis

135 1114 339 1174 Vivere,
367 1115 685 1175 Vertumnis,
713 1123 964 1179 quotquot
990 1122 1124 1176 sunt,
1151 1122 1307 1165 natus
1330 1117 1533 1180 iniquis.

138 1181 322 1232 Scurra
344 1182 668 1242 Volanerius,
695 1189 971 1246 postquam
994 1185 1069 1231 illi
1086 1186 1230 1247 justa
1255 1185 1503 1247 cheragra
1639 1185 1700 1231 15

139 1249 386 1300 Contudit
410 1250 667 1310 articulos,
694 1251 778 1314 qui
804 1266 894 1313 pro
921 1267 974 1299 se
999 1252 1201 1300 tolleret
1226 1258 1377 1315 atque

138 1316 367 1366 Mitteret
391 1317 446 1365 in
467 1317 699 1382 phimum
723 1318 870 1378 talos,
898 1320 1129 1367 mercede
1155 1319 1338 1367 diurna

65 1442 70 1446 ¹
139 1383 458 1433 Conductum
482 1386 658 1449 pavit3
695 1391 888 1448 quanto
912 1387 1228 1434 constantior
1252 1387 1417 1434 isdem

138 1449 203 1499 In
226 1451 382 1511 vitiis,
408 1456 556 1500 tanto
580 1452 744 1500 levius
770 1453 925 1501 miser
950 1469 1007 1501 ac
1031 1454 1169 1516 prior
1194 1454 1296 1514 illo,

140 1518 240 1580 Qui
255 1519 363 1581 jam
387 1524 643 1579 content0,
662 1521 769 1582 jam
797 1521 912 1568 laxo
939 1521 1056 1569 fune
1081 1522 1292 1570 laborat.
1639 1518 1701 1565 20

137 1585 263 1635 Her.
282 1585 399 1634 Non
416 1587 554 1635 dices
570 1587 735 1646 hodie,
753 1602 993 1651 quorsum
1012 1588 1138 1637 haec
1153 1593 1260 1636 tam
1274 1588 1457 1651 putida
1473 1588 1703 1647 tendant,

139 1650 402 1702 Furcifer?
471 1656 604 1703 Dav.
627 1655 714 1703 Ad
738 1660 803 1714 te,
827 1656 1048 1719 inquam.
1121 1657 1247 1705 Her.
1277 1657 1389 1718 Quo
1407 1661 1574 1719 pact0,
1595 1671 1707 1718 pes-

337 1720 500 1770 sime?
572 1721 706 1771 Dav.
737 1722 945 1771 Laudas

139 1784 420 1836 Fortunam
446 1794 499 1837 et
521 1804 689 1837 mores
716 1791 954 1853 antiquae
978 1791 1156 1854 plebis,
1183 1796 1235 1839 et
1258 1791 1407 1850 idem,

141 1852 195 1902 Si
219 1855 334 1918 quis
357 1856 423 1904 ad
447 1856 536 1903 illa
561 1856 687 1904 deus
713 1857 884 1906 subito
908 1864 959 1906 te
987 1864 1123 1920 agat,
1152 1873 1310 1921 usque
1335 1873 1554 1918 recuses,

140 1920 251 1970 Aut
274 1923 394 1986 quia
418 1938 520 1971 non
547 1924 722 1983 sentis,
750 1925 886 1987 quod
912 1926 1116 1984 clamaS,
1144 1926 1331 1973 rectius
1356 1940 1483 1984 esse,
1644 1927 1705 1975 25

139 1987 250 2036 Aut
272 1990 394 2053 quia
418 2005 520 2039 non
545 1990 718 2039 firmus
744 1997 937 2039 rectum
962 1993 1207 2051 defendiS‚
1234 1997 1286 2040 et
1312 1992 1493 2040 haeres

140 2052 462 2120 Nequiquam
486 2073 642 2106 coeno
668 2059 876 2122 cupiens
900 2060 1115 2107 evellere
1142 2060 1385 2122 plantam.

140 2120 336 2171 Romae
361 2138 447 2172 rus
473 2132 618 2188 optas
639 2143 651 2187 ;
688 2127 952 2174 absentem
981 2128 1202 2175 rusticus
1228 2127 1403 2174 urbem

141 2185 299 2238 'l'ollis
323 2191 386 2239 ad
412 2199 552 2240 astra
575 2192 715 2241 levis.
792 2192 847 2242 Si
873 2209 1126 2256 nusquam
1151 2210 1206 2242 es
1233 2194 1359 2241 forte
1387 2199 1602 2241 vocatus

140 2254 226 2304 Ad
250 2271 440 2317 cenam,
466 2259 647 2307 laudas
672 2275 905 2308 securum
932 2262 1057 2321 olus,
1087 2277 1158 2320 ac,
1185 2261 1328 2309 velut
1354 2276 1569 2325 usquam
1648 2264 1710 2311 30

140 2320 360 2372 Vinctus
382 2341 484 2384 eas,
512 2326 586 2374 ita
609 2331 659 2375 te
687 2329 881 2375 felicem
910 2329 1039 2376 dicis
1067 2344 1310 2391 amasque

142 2389 289 2451 Quod
313 2406 563 2455 nusquam
590 2395 683 2442 tibi
708 2396 778 2442 sit
800 2397 1095 2457 potandum.
1167 2396 1202 2444 J
1207 2395 1393 2443 usserit
1420 2396 1485 2443 ad.
1511 2410 1563 2442 se

139 2453 411 2507 Maecenas
436 2474 605 2507 serum
632 2462 726 2509 sub
752 2462 947 2510 lumina
972 2463 1137 2525 prima
1160 2463 1334 2510 venire

141 2520 454 2575 Convivam:
494 2531 522 2551 ‘⁴
540 2527 589 2574 N
594 2531 759 2575 emon’
801 2530 965 2577 oleum
996 2531 1092 2577 fert
1117 2528 1289 2577 ocius?
1364 2528 1553 2591 Ecquis

76 2639 82 2645 ,
139 2588 339 2639 Audit?
359 2594 386 2619 ’'
421 2609 534 2641 cum
562 2609 749 2657 magno
775 2596 997 2644 blateras
1021 2597 1240 2644 clamore
1267 2596 1519 2658 fugisque.
1652 2597 1712 2644 35

139 2652 366 2706 Mulvius
389 2666 443 2707 et
466 2676 683 2719 scurrae,
711 2662 805 2709 tibi
833 2678 932 2709 non
958 2664 1220 2710 referenda
1244 2663 1449 2726 precati,

140 2719 435 2775 Discedunt.
510 2728 763 2776 “Etenim
789 2730 951 2777 fateor
976 2732 1106 2789 me,’'
1131 2730 1314 2777 dixerit
1340 2729 1437 2788 ille,

179 2845 227 2883 1³
245 2847 382 2885 doctor
433 2851 479 2887 15
498 2851 687 2900 chiragra.
740 2853 786 2889 18
807 2853 911 2890 idem
967 2854 1013 2890 19
1034 2854 1100 2890 ille
1155 2854 1201 2890 20
1223 2858 1304 2890 tam
1325 2856 1512 2890 contento
1533 2864 1654 2902 quam

390 2901 437 2938 27
457 2903 723 2952 nequicquam
879 2905 927 2940 34
947 2905 1047 2941 feret
1202 2906 1248 2940 35
1270 2905 1449 2950 surisque
