1878 3054
635 174 877 213 HORA'H
916 174 1266 216 'CARMINVM

406 305 458 353 N
460 322 516 354 ec
544 306 622 354 vir
648 306 819 354 Pieria
842 307 1019 370 pellice
1046 307 1250 356 saucius

546 373 752 432 Curvat,
783 374 1096 436 supplicibus
1120 375 1225 423 tuis

409 440 613 499 Parcas,
643 455 734 487 nec
761 441 928 502 rigida
955 442 1155 489 mollior
1180 443 1382 490 aesculo

408 506 518 554 Nec
543 507 739 554 Mauris
767 508 993 556 animum
1018 510 1191 557 mitior
1215 510 1482 571 anguibus.

408 572 529 621 Non
554 574 648 621 hoc
675 589 873 636 semper
898 576 993 622 erit
1018 576 1210 623 liminis
1236 582 1324 624 aut
1349 592 1512 639 aquae
1594 613 1597 615 -

543 640 791 690 Caelestis
815 643 1018 704 patiens
1042 643 1191 691 latus.

907 805 1006 855 XI.

409 907 647 967 Mercuri,
677 909 822 973 (nam
849 913 898 957 te
925 910 1103 958 docilis
1127 911 1391 973 magistre.

407 975 576 1023 Movit
603 976 863 1039 Amphion
889 976 1084 1039 lapides
1109 979 1379 1041 canendo‚)

409 1042 599 1105 Tuque,
626 1043 844 1101 testudo,
873 1058 1108 1092 resonare
1135 1050 1330 1108 septem

677 1110 878 1158 Callida
905 1111 1089 1170 nervis,

406 1175 515 1224 Nec
539 1177 725 1239 loquax
750 1178 871 1224 olim
898 1193 1061 1240 neque
1088 1183 1250 1241 grata,
1276 1194 1409 1227 nunc
1433 1183 1485 1227 et

408 1243 641 1291 Divitum
666 1245 856 1291 mensis
883 1250 935 1292 et
960 1246 1126 1293 amica
1148 1246 1369 1308 templis,

406 1309 503 1358 Dic
527 1311 719 1369 modos,
750 1311 896 1373 Lyde
923 1312 1106 1374 quibus
1130 1313 1414 1360 obstinatas

676 1378 918 1441 Applicet
945 1394 1106 1438 aures,

407 1445 561 1505 Quae,
590 1445 731 1492 velut
757 1446 873 1493 latis
900 1461 1030 1509 equa
1057 1446 1208 1494 trima
1233 1447 1440 1510 campis,

404 1511 564 1559 Ludit
588 1513 798 1559 exultim
826 1513 1108 1576 metuitque
1132 1514 1294 1576 tangi,

404 1577 713 1642 Nuptiarum
738 1594 917 1642 expers
942 1585 994 1628 et
1019 1580 1186 1628 adhuc
1209 1585 1444 1644 protervo

672 1646 843 1694 Cruda
869 1648 1064 1695 marito.

403 1711 482 1759 Tu
504 1716 651 1775 potes
676 1714 837 1774 tigres
864 1715 1175 1777 comitesque
1202 1714 1359 1762 silvas

404 1778 615 1838 Ducere,
642 1784 694 1827 et
719 1781 858 1828 rivos
886 1781 1072 1829 celeres
1097 1782 1316 1844 morari3

404 1845 574 1894 Cessit
599 1847 836 1895 immanis
862 1848 959 1896 tibi
983 1848 1267 1896 blandienti

665 1915 701 1963 J
706 1915 872 1962 anitor
897 1915 1056 1974 aulae,

403 1977 668 2039 Cerberus,
697 1983 933 2043 quamvis
959 1983 1137 2030 furiale
1162 1987 1365 2030 centum

401 2045 640 2095 Muniant
665 2063 860 2109 angues
886 2054 1053 2112 caput,
1080 2051 1188 2111 eJus
1213 2055 1365 2112 atque

401 2111 621 2175 Spiritus
644 2119 774 2162 teter
799 2116 1067 2178 saniesque
1091 2120 1264 2163 manet

669 2180 768 2229 Ore
795 2182 1039 2244 trilingui.

402 2246 537 2307 Quin
561 2251 613 2294 et
637 2247 786 2295 Ixion
814 2248 1094 2312 Tityosque
1119 2249 1263 2297 voltu

401 2312 544 2360 Risit
568 2315 729 2362 invito
751 2332 762 2376 ;
802 2317 946 2364 stetit
971 2331 1097 2363 urna
1118 2317 1328 2379 paulum

400 2378 560 2440 Sicca,
588 2382 710 2429 dum
737 2387 884 2444 grato
912 2383 1082 2430 Danai
1105 2384 1303 2445 puellas

669 2449 908 2497 Carmine
935 2451 1140 2498 mulces.

395 2513 595 2562 Audiat
620 2515 765 2577 Lyde
793 2517 957 2563 scelus
984 2524 1135 2579 atque
1161 2521 1310 2564 notas

395 2580 670 2644 Virginum
697 2598 901 2644 poenas,
929 2587 981 2630 et
1005 2584 1154 2630 inane
1178 2583 1416 2646 lymphae

397 2647 606 2697 Dolium
632 2650 789 2697 fundo
813 2651 1076 2712 pereuntis
1101 2651 1218 2709 im0‚

666 2716 888 2779 Seraque
914 2717 1022 2764 fata

314 2839 362 2874 18
381 2839 515 2890 animo
646 2840 695 2876 10
715 2841 904 2877 exsultim
1034 2841 1081 2877 18
1100 2843 1296 2890 exeatque
1315 2853 1334 2876 e
1353 2841 1574 2877 coniectura

1670 311 1727 357 15

1665 641 1729 690 20

1666 1519 1726 1566 10

1662 1853 1720 1900 15

1659 2186 1720 2234 20

1657 2517 1720 2565 26
