1878 3054
210 141 277 201 70

678 152 919 190 HORATI
962 151 1306 192 CARMINVM

955 354 1021 403 V.

481 461 637 510 Caelo
663 465 928 508 tonantem
954 460 1260 508 credidimus
1284 461 1320 510 J
1323 477 1471 510 ovem

480 529 748 591 Regnare:
787 542 1028 590 praesens
1054 528 1204 575 divus
1230 528 1498 577 habebitur

547 597 834 656 Augustus,
876 595 1088 656 adjectis
1125 595 1391 642 Britannis

613 662 832 723 Imperio
871 662 1216 724 gravibusque
1254 662 1439 710 Persis.

482 729 697 776 Milesne
727 728 902 776 Crassi
929 730 1140 790 conjuge
1165 729 1384 776 barbara
1757 731 1787 778 5

481 795 667 858 Turpis
692 796 908 842 maritus
936 795 1079 853 vixit,
1107 801 1159 843 et
1184 795 1410 844 hostium

549 862 676 923 (Pro
702 863 841 910 curia
864 862 1153 925 inversique
1179 877 1344 910 mores
1365 861 1402 926 1)

617 929 898 977 Consenuit
926 944 1214 977 socerorum
1238 929 1288 976 in
1317 930 1471 977 armis

485 994 590 1044 Sub
615 1011 732 1058 rege
762 996 914 1044 Medo
941 996 1149 1043 Marsus
1174 1000 1224 1043 et
1249 996 1466 1059 Apulus,

482 1063 799 1111 Anciliorum
826 1069 877 1110 et
903 1063 1123 1110 nominis
1147 1067 1198 1110 et
1221 1067 1374 1125 togae
1732 1065 1793 1111 10

554 1129 761 1177 Oblitus
788 1136 1121 1192 aeternaeque
1146 1129 1354 1188 Vestae,

616 1197 864 1244 Incolumi
893 1197 1026 1245 Jove
1052 1203 1103 1245 et
1127 1197 1249 1244 urbe
1276 1196 1485 1245 Roma?

484 1263 598 1311 Hoc
623 1269 826 1312 caverat
851 1272 995 1311 men’s
1019 1263 1233 1326 provida
1259 1264 1448 1327 Reguli

483 1330 847 1378 Dissentientis
874 1331 1252 1379 condicionibus

552 1398 753 1455 Foedis,
781 1403 831 1445 et
857 1397 1088 1459 exemplo
1113 1397 1363 1446 trahentis
1736 1400 1794 1447 15

619 1465 897 1512 Perniciem
928 1464 1136 1512 veniens
1161 1465 1212 1512 in
1240 1480 1437 1524 aevum,

486 1530 542 1580 Si
566 1547 667 1579 non
693 1532 877 1594 periret
904 1531 1274 1579 immiserabilis

488 1598 708 1661 Captiva
731 1599 904 1662 pubes.
982 1602 1009 1622 “
1031 1597 1190 1660 Signa
1213 1613 1308 1661 ego
1337 1598 1548 1646 Punicis

552 1665 739 1714 Adfixa
763 1665 987 1713 delubris
1011 1669 1063 1712 et
1087 1680 1228 1713 arma

621 1732 874 1780 Militibus
902 1732 1010 1780 sine
1037 1732 1236 1790 caede,''
1262 1732 1406 1792 dixit,
1738 1735 1799 1781 20

488 1803 515 1824 “
534 1799 747 1862 Direpta
771 1800 906 1860 vidi;
943 1799 1050 1847 vidi
1075 1815 1170 1862 ego
1195 1799 1383 1847 civium

486 1866 704 1914 Retorta
726 1871 871 1929 tergo
897 1866 1136 1914 bracchia
1161 1866 1333 1925 libem,

554 1933 838 1996 Portasque
865 1949 966 1980 non
991 1934 1207 1992 clausaS,
1234 1938 1286 1981 et
1311 1948 1436 1981 arva

621 2000 787 2047 Marte
814 2001 909 2048 coli
933 2001 1176 2063 populata
1200 2005 1388 2063 nostro.

486 2065 631 2113 Auro
654 2082 897 2129 repensus
924 2067 1111 2115 scilicet
1136 2065 1296 2114 acrior
1742 2068 1802 2115 25

485 2132 640 2190 Miles
664 2133 873 2181 redibit!
946 2133 1171 2196 Flagitio
1196 2133 1384 2181 additis

551 2200 836 2248 Damnum:
874 2215 1036 2262 neque
1063 2200 1278 2248 amissos
1305 2200 1495 2247 colores

622 2267 770 2314 Lana
792 2267 945 2314 refert
970 2267 1223 2315 medicata
1248 2266 1373 2325 fuco,

487 2332 597 2380 Nec
623 2349 742 2381 vera
766 2334 943 2391 virtus,
973 2349 1086 2381 cum
1112 2333 1266 2381 semel
1290 2333 1491 2393 excidit,

488 2399 648 2448 Curat
672 2401 843 2463 reponi
870 2401 1215 2447 deterioribus.
1741 2404 1804 2450 30

557 2466 611 2515 Si
635 2472 832 2530 pugnat
857 2467 1104 2514 extricata
1129 2466 1300 2514 densis

623 2534 788 2582 Cerva
811 2534 994 2597 plagiS,
1022 2534 1117 2581 erit
1141 2534 1224 2581 ille
1249 2532 1395 2581 fortis

489 2600 588 2661 Qui
613 2601 818 2662 perfidis
845 2616 898 2648 se
925 2601 1136 2648 credidit
1162 2600 1411 2658 hostibus,

487 2667 557 2715 Et
581 2667 748 2715 Marte
776 2668 975 2715 Poenos
999 2671 1222 2730 proteret
1247 2667 1406 2715 altero

320 2808 342 2845 8
361 2808 469 2845 arvis
565 2809 610 2844 10
631 2809 879 2855 anciliorum,
898 2808 1073 2845 nominis
1161 2809 1207 2845 15
1226 2807 1404 2845 trahenti
1423 2820 1442 2843 e
1460 2807 1680 2843 coniectura

468 2859 515 2894 21
537 2859 703 2908 derepta
880 2859 928 2895 25
948 2859 1176 2908 redemptus
1356 2858 1404 2895 29
1425 2858 1571 2894 occidit
