1846 3034
803 160 930 200 mn.
973 159 1040 199 11.
1083 145 1112 197 1
1139 191 1141 193 .
1653 142 1759 194 223

181 300 392 365 Spectat
416 299 589 346 Roma
610 300 826 361 potens;
862 295 1020 343 habet
1047 293 1141 341 hos
1168 295 1504 353 numeratque
1529 290 1704 351 poetas

183 369 269 418 Ad
292 372 523 415 nostrum
549 370 753 428 tempus
782 363 899 410 Livi
926 361 1186 425 scriptoris
1213 360 1277 407 ab
1305 373 1445 406 aevo.

183 433 448 484 Interdum
475 432 662 494 volgus
687 438 881 479 rectum
909 430 1062 486 videt,
1090 433 1170 475 est
1194 427 1282 474 ubi
1308 428 1498 489 peccat.

185 503 241 552 Si
265 508 465 551 veteres
489 501 565 549 ita
590 500 804 547 miratur
828 498 1107 560 laudatque
1132 498 1309 559 poetas

184 568 258 619 Ut
280 569 409 619 nihil
435 568 702 626 anteferat,
730 565 859 614 nihil
884 565 985 612 illis
1012 568 1286 627 comparet,
1315 566 1482 623 errat3
1690 565 1751 614 65

186 638 242 688 Si
266 637 517 702 quaedam
540 635 692 683 nimis
720 634 946 696 antique,
974 633 1017 680 si
1043 632 1283 694 pleraque
1310 630 1432 678 dure

185 706 368 756 Dicere
393 704 555 753 credit
578 718 681 762 eos,
709 702 897 764 ignave
923 701 1089 748 multa
1114 700 1317 756 fatetur,

184 772 254 822 Et
278 773 414 837 sapit
436 777 490 820 et
513 786 711 819 mecum
738 770 860 818 facit
885 774 937 816 et
962 769 1096 816 Jove
1114 767 1314 829 judicat
1340 780 1514 828 aequo.

184 841 304 890 Non
327 840 564 904 equidem
589 839 814 886 insector
841 837 1125 885 delendave
1151 835 1379 883 carmina
1406 832 1526 880 Livi

184 908 316 957 Esse
339 922 465 966 reor,
492 907 702 954 memini
728 921 859 969 quae
886 905 1157 968 plagosum
1184 902 1311 950 mibi
1336 916 1497 965 parvo
1693 903 1755 954 70

187 975 438 1029 Orbilium
464 975 659 1024 dictare
682 992 694 1036 3
732 974 821 1021 sed
847 973 1120 1020 emendata
1145 970 1308 1018 videri

187 1044 513 1107 Pulchraque
538 1047 591 1091 et
614 1042 808 1090 exactis
835 1041 1100 1088 minimum
1129 1037 1380 1087 distantia
1404 1037 1594 1100 miror3

186 1112 330 1160 Inter
352 1126 481 1175 quae
506 1110 717 1158 verbum
744 1109 951 1157 emicuit
976 1109 1019 1156 si
1046 1108 1174 1155 forte
1200 1107 1453 1165 decorum,
1480 1109 1533 1152 et

189 1179 245 1229 Si
269 1194 448 1228 versus
473 1179 626 1241 paulo
652 1176 944 1225 concinnior
969 1191 1102 1223 unus
1127 1180 1179 1223 et
1205 1175 1346 1234 alter,

186 1247 382 1310 Injuste
407 1252 573 1295 totum
599 1246 739 1293 ducit
764 1245 1041 1307 venditque
1067 1246 1261 1306 poema.
1694 1240 1755 1292 75

187 1315 436 1378 Indignor
460 1314 730 1377 quicquam
760 1312 1078 1375 reprehendi,
1106 1326 1208 1358 non
1235 1309 1356 1374 quia
1380 1323 1551 1358 crasse

189 1382 542 1446 Compositum
570 1381 840 1445 illepideve
866 1385 1087 1442 putetur,
1116 1379 1205 1426 sed
1231 1379 1350 1442 quia
1376 1392 1565 1440 nuper;

189 1449 299 1498 Nec
324 1450 524 1498 veniam
553 1449 796 1511 antiquis,
826 1448 915 1495 sed
943 1447 1186 1495 honorem
1213 1455 1266 1494 et
1291 1446 1521 1509 praemia
1545 1442 1702 1506 posci.

189 1518 351 1566 Recte
377 1532 533 1565 necne
560 1531 761 1565 crocum
790 1515 1037 1579 floresque
1066 1514 1386 1578 perambulet
1411 1513 1571 1561 Attae

189 1585 388 1633 Fabula
412 1585 455 1632 si
481 1585 726 1642 dubitem,
754 1584 978 1632 clament
1003 1583 1216 1646 periisse
1245 1581 1494 1645 pudorem
1693 1580 1756 1626 80

192 1652 375 1702 Cuncti
399 1667 558 1716 paene
582 1658 771 1716 patres,
798 1667 861 1699 ea
883 1666 997 1699 cum
1023 1650 1388 1713 reprehendere
1414 1661 1565 1696 coner

191 1721 334 1782 Quae
358 1723 534 1782 gravis
560 1721 814 1781 Aesopus,
843 1734 972 1781 quae
999 1718 1180 1765 doctus
1207 1717 1427 1764 Roscius
1453 1715 1588 1776 egit:

190 1787 289 1836 Vel
315 1788 437 1851 quia
461 1787 532 1835 nil
558 1793 765 1844 rectum,
794 1786 891 1834 nisi
918 1786 1054 1848 quod
1080 1784 1274 1847 placuit
1300 1784 1412 1841 sibi,
1441 1783 1650 1842 ducunt,

189 1855 288 1903 Vel
313 1856 434 1919 quia
457 1863 605 1917 turpe
629 1859 816 1918 putant
840 1868 1017 1917 parere
1043 1852 1340 1908 minoribus,
1368 1856 1421 1898 et
1445 1865 1575 1913 quae

189 1922 451 1971 Imberbes
477 1922 715 1980 didicere,
745 1937 894 1968 senes
920 1921 1180 1983 perdenda
1204 1919 1365 1967 fateri.
1693 1915 1755 1962 85

189 1990 311 2039 Jam
340 1990 538 2039 Saliare
566 1989 766 2037 Numae
793 2003 994 2037 carmen
1021 1989 1107 2051 qui
1132 1987 1322 2045 laudat,
1349 1990 1400 2033 et
1426 1985 1568 2044 illud,

191 2058 340 2120 Quod
364 2073 563 2106 mecum
591 2057 810 2119 ignorat,
840 2057 980 2103 solus
1007 2056 1115 2103 volt
1142 2055 1267 2102 scire
1295 2054 1475 2112 videri,

189 2125 419 2188 Ingeniis
444 2141 545 2173 non
571 2125 654 2172 ille
682 2125 821 2172 favet
846 2124 1143 2188 plauditque
1171 2122 1399 2185 sepultis,

190 2192 384 2241 Nostra
410 2193 498 2240 sed
525 2193 811 2254 impugnat,
839 2207 934 2239 nos
960 2199 1234 2253 nostraque
1260 2190 1450 2238 lividus
1477 2189 1599 2237 odit.

191 2260 340 2321 Quod
367 2260 409 2307 si
441 2265 544 2307 tam
573 2259 786 2308 Graecis
812 2259 1016 2307 novitas
1043 2259 1213 2305 invisa
1237 2258 1418 2305 fuisset
1691 2253 1753 2299 90

190 2327 356 2389 Quam
384 2328 544 2385 nobis,
572 2327 695 2390 quid
721 2342 855 2374 nunc
881 2332 1017 2374 esset
1046 2324 1232 2374 vetus?
1272 2331 1359 2372 aut
1384 2325 1505 2387 quid
1534 2323 1743 2371 haberet

192 2394 342 2456 Quod
365 2394 558 2456 legeret
581 2400 866 2457 tereretque
894 2394 1083 2442 viritim
1108 2393 1342 2457 publicus
1372 2390 1530 2439 usus?

258 2529 333 2577 Ut
356 2530 577 2592 primum
604 2529 789 2591 positis
815 2528 994 2591 nugari
1024 2527 1240 2576 Graecia
1264 2528 1412 2575 bellis

191 2595 372 2660 Coepit
396 2604 448 2644 et
474 2598 523 2645 in
552 2597 733 2644 vitium
760 2597 965 2643 fortuna
990 2596 1150 2643 labier
1176 2611 1352 2658 aequa,

190 2662 340 2711 Nune
367 2664 677 2711 athletarum
704 2664 904 2720 studiis,
934 2678 1066 2711 nunc
1094 2665 1218 2710 arsit
1243 2676 1503 2724 equorum,
1693 2661 1750 2709 95

190 2729 469 2779 Marmoris
495 2738 584 2779 aut
609 2730 778 2777 eboris
804 2730 973 2778 fabros
1001 2735 1091 2778 aut
1117 2731 1248 2778 aeris
1274 2729 1482 2786 amavit,

291 2859 335 2895 61
358 2862 621 2908 munel-atque
726 2858 771 2895 67
800 2859 906 2895 cedit
1011 2859 1057 2894 69
1079 2858 1327 2906 delendaque
1433 2855 1479 2893 73
1500 2856 1539 2890 ct
1558 2853 1663 2890 omit.

544 2908 590 2947 77
611 2909 867 2958 inleplde1ue
980 2909 1027 2944 92
1051 2909 1249 2952 Quin-:tum
1270 2921 1288 2942 e
1309 2908 1408 2942 coni.
