<?xml version="1.0" encoding="UTF-8"?>
<!DOCTYPE html PUBLIC "-//W3C//DTD XHTML 1.0 Transitional//EN"
    "http://www.w3.org/TR/xhtml1/DTD/xhtml1-transitional.dtd">
<html xmlns="http://www.w3.org/1999/xhtml" xml:lang="en" lang="en">
 <head>
  <title>
</title>
<meta http-equiv="Content-Type" content="text/html;charset=utf-8" />
  <meta name='ocr-system' content='tesseract 3.04.00' />
  <meta name='ocr-capabilities' content='ocr_page ocr_carea ocr_par ocr_line ocrx_word'/>
</head>
<body>
  <div class='ocr_page' id='page_1' title='image "./workschase00horauoft_0221.png"; bbox 0 0 1846 3034; ppageno 0'>
   <div class='ocr_carea' id='block_1_1' title="bbox 772 149 1730 233">
    <p class='ocr_par' dir='ltr' id='par_1_1' title="bbox 772 149 1730 233">
     <span class='ocr_line' id='line_1_1' title="bbox 772 149 1730 233; baseline -0.004 0"><span class='ocrx_word' id='word_1_1' title='bbox 772 192 898 233; x_wconf 74' lang='lat' dir='ltr'><strong>mn.</strong></span> <span class='ocrx_word' id='word_1_2' title='bbox 934 149 979 231; x_wconf 24' lang='lat'><strong>⁵1.</strong></span> <span class='ocrx_word' id='word_1_3' title='bbox 1022 175 1102 230; x_wconf 79' lang='lat'><strong>18-</strong></span> <span class='ocrx_word' id='word_1_4' title='bbox 1296 223 1300 225; x_wconf 91' lang='grc'>.</span> <span class='ocrx_word' id='word_1_5' title='bbox 1621 174 1730 229; x_wconf 75' lang='lat'><strong>217</strong></span> 
     </span>
    </p>
   </div>
   <div class='ocr_carea' id='block_1_2' title="bbox 150 327 1737 2832">
    <p class='ocr_par' dir='ltr' id='par_1_2' title="bbox 150 327 1495 397">
     <span class='ocr_line' id='line_1_2' title="bbox 150 327 1495 397; baseline -0.008 -14"><span class='ocrx_word' id='word_1_6' title='bbox 150 329 273 384; x_wconf 68' lang='lat' dir='ltr'><strong>Non</strong></span> <span class='ocrx_word' id='word_1_7' title='bbox 295 337 377 382; x_wconf 91' lang='lat' dir='ltr'><strong>est</strong></span> <span class='ocrx_word' id='word_1_8' title='bbox 401 332 500 397; x_wconf 83' lang='lat' dir='ltr'><strong>qui&#39;</strong></span> <span class='ocrx_word' id='word_1_9' title='bbox 511 334 728 380; x_wconf 86' lang='lat' dir='ltr'><strong>tractet:</strong></span> <span class='ocrx_word' id='word_1_10' title='bbox 767 329 882 388; x_wconf 78' lang='lat' dir='ltr'><strong>sciS,</strong></span> <span class='ocrx_word' id='word_1_11' title='bbox 906 343 1007 392; x_wconf 91' lang='lat' dir='ltr'><strong>quo</strong></span> <span class='ocrx_word' id='word_1_12' title='bbox 1031 327 1252 376; x_wconf 87' lang='lat' dir='ltr'><strong>clamore</strong></span> <span class='ocrx_word' id='word_1_13' title='bbox 1279 341 1495 375; x_wconf 86' lang='lat' dir='ltr'><strong>coronae</strong></span> 
     </span>
    </p>

    <p class='ocr_par' dir='ltr' id='par_1_3' title="bbox 152 396 1732 599">
     <span class='ocr_line' id='line_1_3' title="bbox 152 396 1492 462; baseline -0.007 -12"><span class='ocrx_word' id='word_1_14' title='bbox 152 401 359 451; x_wconf 77' lang='lat' dir='ltr'>Proelia</span> <span class='ocrx_word' id='word_1_15' title='bbox 382 400 641 448; x_wconf 84' lang='lat' dir='ltr'><strong>sustineas</strong></span> <span class='ocrx_word' id='word_1_16' title='bbox 665 398 1000 462; x_wconf 86' lang='lat' dir='ltr'><strong>campestria;</strong></span> <span class='ocrx_word' id='word_1_17' title='bbox 1038 396 1254 458; x_wconf 87' lang='lat' dir='ltr'><strong>denique</strong></span> <span class='ocrx_word' id='word_1_18' title='bbox 1281 409 1492 442; x_wconf 84' lang='lat' dir='ltr'><strong>saevam</strong></span> 
     </span>
     <span class='ocr_line' id='line_1_4' title="bbox 153 454 1732 531; baseline -0.005 -14"><span class='ocrx_word' id='word_1_19' title='bbox 153 468 395 518; x_wconf 82' lang='lat' dir='ltr'><strong>Militiam</strong></span> <span class='ocrx_word' id='word_1_20' title='bbox 420 482 547 531; x_wconf 92' lang='lat' dir='ltr'><strong>puer</strong></span> <span class='ocrx_word' id='word_1_21' title='bbox 571 472 623 514; x_wconf 92' lang='lat' dir='ltr'><strong>et</strong></span> <span class='ocrx_word' id='word_1_22' title='bbox 650 465 961 515; x_wconf 88' lang='lat' dir='ltr'><strong>Cantabrica</strong></span> <span class='ocrx_word' id='word_1_23' title='bbox 985 463 1118 511; x_wconf 89' lang='lat' dir='ltr'><strong>bella</strong></span> <span class='ocrx_word' id='word_1_24' title='bbox 1143 463 1312 510; x_wconf 91' lang='lat' dir='ltr'><strong>tulisti</strong></span> <span class='ocrx_word' id='word_1_25' title='bbox 1669 454 1732 502; x_wconf 88' lang='grc'><strong>55</strong></span> 
     </span>
     <span class='ocr_line' id='line_1_5' title="bbox 155 530 1471 599; baseline -0.005 -14"><span class='ocrx_word' id='word_1_26' title='bbox 155 537 264 586; x_wconf 88' lang='lat' dir='ltr'><strong>Sub</strong></span> <span class='ocrx_word' id='word_1_27' title='bbox 288 537 415 584; x_wconf 89' lang='lat' dir='ltr'><strong>duce</strong></span> <span class='ocrx_word' id='word_1_28' title='bbox 441 535 528 599; x_wconf 92' lang='lat' dir='ltr'><strong>qui</strong></span> <span class='ocrx_word' id='word_1_29' title='bbox 551 534 763 597; x_wconf 88' lang='lat' dir='ltr'><strong>templis</strong></span> <span class='ocrx_word' id='word_1_30' title='bbox 790 533 1101 580; x_wconf 82' lang='lat' dir='ltr'><strong>Parthorum</strong></span> <span class='ocrx_word' id='word_1_31' title='bbox 1128 531 1279 593; x_wconf 87' lang='lat' dir='ltr'><strong>signa</strong></span> <span class='ocrx_word' id='word_1_32' title='bbox 1301 530 1471 592; x_wconf 86' lang='lat' dir='ltr'><strong>refigit</strong></span> 
     </span>
    </p>

    <p class='ocr_par' dir='ltr' id='par_1_4' title="bbox 152 599 1475 665">
     <span class='ocr_line' id='line_1_6' title="bbox 152 599 1475 665; baseline -0.005 -12"><span class='ocrx_word' id='word_1_33' title='bbox 152 604 319 663; x_wconf 86' lang='lat' dir='ltr'><strong>Nunc,</strong></span> <span class='ocrx_word' id='word_1_34' title='bbox 344 608 411 663; x_wconf 89' lang='lat' dir='ltr'><strong>et,</strong></span> <span class='ocrx_word' id='word_1_35' title='bbox 438 603 482 651; x_wconf 90' lang='lat' dir='ltr'><strong>si</strong></span> <span class='ocrx_word' id='word_1_36' title='bbox 507 602 630 665; x_wconf 92' lang='lat' dir='ltr'><strong>quid</strong></span> <span class='ocrx_word' id='word_1_37' title='bbox 656 602 815 659; x_wconf 86' lang='lat' dir='ltr'><strong>abest,</strong></span> <span class='ocrx_word' id='word_1_38' title='bbox 843 600 997 649; x_wconf 90' lang='lat' dir='ltr'><strong>Italis</strong></span> <span class='ocrx_word' id='word_1_39' title='bbox 1021 599 1281 661; x_wconf 85' lang='lat' dir='ltr'><strong>adjudicat</strong></span> <span class='ocrx_word' id='word_1_40' title='bbox 1307 599 1475 646; x_wconf 87' lang='lat' dir='ltr'><strong>armis.</strong></span> 
     </span>
    </p>

    <p class='ocr_par' dir='ltr' id='par_1_5' title="bbox 155 667 1378 735">
     <span class='ocr_line' id='line_1_7' title="bbox 155 667 1378 735; baseline -0.007 -14"><span class='ocrx_word' id='word_1_41' title='bbox 155 673 249 732; x_wconf 87' lang='lat' dir='ltr'><strong>Ac,</strong></span> <span class='ocrx_word' id='word_1_42' title='bbox 280 673 369 735; x_wconf 91' lang='lat' dir='ltr'><strong>(ne</strong></span> <span class='ocrx_word' id='word_1_43' title='bbox 394 676 446 719; x_wconf 91' lang='lat' dir='ltr'><strong>te</strong></span> <span class='ocrx_word' id='word_1_44' title='bbox 470 670 704 718; x_wconf 86' lang='lat' dir='ltr'><strong>retrahas</strong></span> <span class='ocrx_word' id='word_1_45' title='bbox 727 674 780 717; x_wconf 91' lang='lat' dir='ltr'><strong>et</strong></span> <span class='ocrx_word' id='word_1_46' title='bbox 805 667 1170 716; x_wconf 82' lang='lat' dir='ltr'><strong>inexcusabilis</strong></span> <span class='ocrx_word' id='word_1_47' title='bbox 1197 667 1378 730; x_wconf 78' lang='lat' dir='ltr'><strong>absiS‚)</strong></span> 
     </span>
    </p>

    <p class='ocr_par' dir='ltr' id='par_1_6' title="bbox 156 734 1511 802">
     <span class='ocr_line' id='line_1_8' title="bbox 156 734 1511 802; baseline -0.006 -14"><span class='ocrx_word' id='word_1_48' title='bbox 156 739 410 802; x_wconf 88' lang='lat' dir='ltr'><strong>Quamvis</strong></span> <span class='ocrx_word' id='word_1_49' title='bbox 434 738 503 786; x_wconf 88' lang='lat' dir='ltr'><strong>nil</strong></span> <span class='ocrx_word' id='word_1_50' title='bbox 531 745 677 786; x_wconf 84' lang='lat' dir='ltr'><strong>extra</strong></span> <span class='ocrx_word' id='word_1_51' title='bbox 701 751 971 784; x_wconf 91' lang='lat' dir='ltr'><strong>numerum</strong></span> <span class='ocrx_word' id='word_1_52' title='bbox 996 734 1175 782; x_wconf 88' lang='lat' dir='ltr'><strong>fecisse</strong></span> <span class='ocrx_word' id='word_1_53' title='bbox 1201 735 1511 797; x_wconf 88' lang='lat' dir='ltr'><strong>modumque</strong></span> 
     </span>
    </p>

    <p class='ocr_par' dir='ltr' id='par_1_7' title="bbox 156 799 1733 934">
     <span class='ocr_line' id='line_1_9' title="bbox 158 799 1733 868; baseline -0.006 -12"><span class='ocrx_word' id='word_1_54' title='bbox 158 809 339 866; x_wconf 79' lang='lat' dir='ltr'><strong>Caras,</strong></span> <span class='ocrx_word' id='word_1_55' title='bbox 365 806 623 854; x_wconf 88' lang='lat' dir='ltr'><strong>interdum</strong></span> <span class='ocrx_word' id='word_1_56' title='bbox 647 805 860 868; x_wconf 84' lang='lat' dir='ltr'><strong>nugaris</strong></span> <span class='ocrx_word' id='word_1_57' title='bbox 884 819 997 852; x_wconf 88' lang='lat' dir='ltr'><strong>rure</strong></span> <span class='ocrx_word' id='word_1_58' title='bbox 1022 812 1267 867; x_wconf 83' lang='lat' dir='ltr'><strong>patern03</strong></span> <span class='ocrx_word' id='word_1_59' title='bbox 1671 799 1733 848; x_wconf 75' lang='lat'><strong>60</strong></span> 
     </span>
     <span class='ocr_line' id='line_1_10' title="bbox 156 871 1295 934; baseline -0.005 -11"><span class='ocrx_word' id='word_1_60' title='bbox 156 875 390 923; x_wconf 82' lang='lat' dir='ltr'><strong>Partitur</strong></span> <span class='ocrx_word' id='word_1_61' title='bbox 412 874 594 922; x_wconf 81' lang='lat' dir='ltr'><strong>lintres</strong></span> <span class='ocrx_word' id='word_1_62' title='bbox 617 873 870 921; x_wconf 83' lang='lat' dir='ltr'><strong>exercitus</strong></span> <span class='ocrx_word' id='word_1_63' title='bbox 889 888 901 934; x_wconf 86' lang='lat'>3</span> <span class='ocrx_word' id='word_1_64' title='bbox 937 871 1095 919; x_wconf 87' lang='lat' dir='ltr'><strong>Actia</strong></span> <span class='ocrx_word' id='word_1_65' title='bbox 1118 886 1295 934; x_wconf 85' lang='lat' dir='ltr'><strong>pugna</strong></span> 
     </span>
    </p>

    <p class='ocr_par' dir='ltr' id='par_1_8' title="bbox 156 939 1343 1005">
     <span class='ocr_line' id='line_1_11' title="bbox 156 939 1343 1005; baseline -0.005 -14"><span class='ocrx_word' id='word_1_66' title='bbox 156 943 229 992; x_wconf 83' lang='lat' dir='ltr'><strong>Te</strong></span> <span class='ocrx_word' id='word_1_67' title='bbox 254 943 379 990; x_wconf 89' lang='lat' dir='ltr'><strong>duce</strong></span> <span class='ocrx_word' id='word_1_68' title='bbox 403 957 495 1005; x_wconf 88' lang='lat' dir='ltr'><strong>per</strong></span> <span class='ocrx_word' id='word_1_69' title='bbox 519 956 706 1004; x_wconf 92' lang='lat' dir='ltr'><strong>pueros</strong></span> <span class='ocrx_word' id='word_1_70' title='bbox 731 940 906 988; x_wconf 89' lang='lat' dir='ltr'><strong>hostili</strong></span> <span class='ocrx_word' id='word_1_71' title='bbox 933 955 1073 987; x_wconf 88' lang='lat' dir='ltr'><strong>more</strong></span> <span class='ocrx_word' id='word_1_72' title='bbox 1098 939 1343 1000; x_wconf 82' lang='lat' dir='ltr'><strong>refertur3</strong></span> 
     </span>
    </p>

    <p class='ocr_par' dir='ltr' id='par_1_9' title="bbox 155 1007 1402 1127">
     <span class='ocr_line' id='line_1_12' title="bbox 155 1007 1402 1075; baseline -0.005 -16"><span class='ocrx_word' id='word_1_73' title='bbox 155 1011 504 1075; x_wconf 79' lang='lat' dir='ltr'><strong>Adversarius</strong></span> <span class='ocrx_word' id='word_1_74' title='bbox 528 1016 609 1056; x_wconf 92' lang='lat' dir='ltr'><strong>est</strong></span> <span class='ocrx_word' id='word_1_75' title='bbox 632 1009 803 1068; x_wconf 84' lang='lat' dir='ltr'><strong>frater,</strong></span> <span class='ocrx_word' id='word_1_76' title='bbox 831 1008 972 1056; x_wconf 86' lang='lat' dir='ltr'><strong>lacus</strong></span> <span class='ocrx_word' id='word_1_77' title='bbox 999 1007 1215 1065; x_wconf 83' lang='lat' dir='ltr'><strong>Hadria,</strong></span> <span class='ocrx_word' id='word_1_78' title='bbox 1242 1007 1402 1054; x_wconf 90' lang='lat' dir='ltr'><strong>donec</strong></span> 
     </span>
     <span class='ocr_line' id='line_1_13' title="bbox 155 1075 1365 1127; baseline -0.005 0"><span class='ocrx_word' id='word_1_79' title='bbox 155 1079 478 1127; x_wconf 80' lang='lat' dir='ltr'><strong>Alterutrum</strong></span> <span class='ocrx_word' id='word_1_80' title='bbox 506 1077 655 1124; x_wconf 87' lang='lat' dir='ltr'><strong>velox</strong></span> <span class='ocrx_word' id='word_1_81' title='bbox 683 1076 918 1124; x_wconf 85' lang='lat' dir='ltr'><strong>Victoria</strong></span> <span class='ocrx_word' id='word_1_82' title='bbox 941 1075 1119 1123; x_wconf 87' lang='lat' dir='ltr'><strong>fronde</strong></span> <span class='ocrx_word' id='word_1_83' title='bbox 1145 1078 1365 1122; x_wconf 89' lang='lat' dir='ltr'><strong>coronet.</strong></span> 
     </span>
    </p>

    <p class='ocr_par' dir='ltr' id='par_1_10' title="bbox 157 1142 1733 1276">
     <span class='ocr_line' id='line_1_14' title="bbox 158 1142 1733 1207; baseline -0.004 -12"><span class='ocrx_word' id='word_1_84' title='bbox 158 1146 460 1196; x_wconf 84' lang='lat' dir='ltr'><strong>Consentire</strong></span> <span class='ocrx_word' id='word_1_85' title='bbox 486 1145 595 1192; x_wconf 91' lang='lat' dir='ltr'><strong>suis</strong></span> <span class='ocrx_word' id='word_1_86' title='bbox 619 1145 808 1192; x_wconf 89' lang='lat' dir='ltr'><strong>studiis</strong></span> <span class='ocrx_word' id='word_1_87' title='bbox 831 1144 917 1207; x_wconf 89' lang='lat' dir='ltr'><strong>qui</strong></span> <span class='ocrx_word' id='word_1_88' title='bbox 944 1142 1216 1191; x_wconf 85' lang='lat' dir='ltr'><strong>crediderit</strong></span> <span class='ocrx_word' id='word_1_89' title='bbox 1240 1147 1306 1202; x_wconf 90' lang='lat' dir='ltr'><strong>te,</strong></span> <span class='ocrx_word' id='word_1_90' title='bbox 1672 1152 1733 1200; x_wconf 79' lang='grc'><strong>65</strong></span> 
     </span>
     <span class='ocr_line' id='line_1_15' title="bbox 157 1211 1441 1276; baseline -0.004 -14"><span class='ocrx_word' id='word_1_91' title='bbox 157 1213 351 1262; x_wconf 84' lang='lat' dir='ltr'><strong>Fautor</strong></span> <span class='ocrx_word' id='word_1_92' title='bbox 373 1219 589 1276; x_wconf 90' lang='lat' dir='ltr'><strong>utroque</strong></span> <span class='ocrx_word' id='word_1_93' title='bbox 614 1218 762 1260; x_wconf 92' lang='lat' dir='ltr'><strong>tuum</strong></span> <span class='ocrx_word' id='word_1_94' title='bbox 787 1211 1019 1259; x_wconf 85' lang='lat' dir='ltr'><strong>laudabit</strong></span> <span class='ocrx_word' id='word_1_95' title='bbox 1043 1211 1223 1274; x_wconf 87' lang='lat' dir='ltr'><strong>pollice</strong></span> <span class='ocrx_word' id='word_1_96' title='bbox 1248 1211 1441 1258; x_wconf 90' lang='lat' dir='ltr'><strong>ludum.</strong></span> 
     </span>
    </p>

    <p class='ocr_par' dir='ltr' id='par_1_11' title="bbox 157 1276 1576 1479">
     <span class='ocr_line' id='line_1_16' title="bbox 157 1276 1576 1342; baseline -0.004 -12"><span class='ocrx_word' id='word_1_97' title='bbox 157 1282 401 1330; x_wconf 89' lang='lat' dir='ltr'><strong>Protinus</strong></span> <span class='ocrx_word' id='word_1_98' title='bbox 426 1286 485 1329; x_wconf 93' lang='lat' dir='ltr'><strong>ut</strong></span> <span class='ocrx_word' id='word_1_99' title='bbox 509 1296 758 1339; x_wconf 91' lang='lat' dir='ltr'><strong>moneam,</strong></span> <span class='ocrx_word' id='word_1_100' title='bbox 788 1280 860 1340; x_wconf 88' lang='lat' dir='ltr'><strong>(si</strong></span> <span class='ocrx_word' id='word_1_101' title='bbox 886 1279 1008 1342; x_wconf 89' lang='lat' dir='ltr'><strong>quid</strong></span> <span class='ocrx_word' id='word_1_102' title='bbox 1034 1279 1304 1327; x_wconf 90' lang='lat' dir='ltr'><strong>monitoris</strong></span> <span class='ocrx_word' id='word_1_103' title='bbox 1329 1292 1452 1340; x_wconf 82' lang='lat' dir='ltr'><strong>eges</strong></span> <span class='ocrx_word' id='word_1_104' title='bbox 1475 1276 1576 1341; x_wconf 91' lang='lat' dir='ltr'><strong>tu,)</strong></span> 
     </span>
     <span class='ocr_line' id='line_1_17' title="bbox 158 1346 1504 1412; baseline -0.004 -14"><span class='ocrx_word' id='word_1_105' title='bbox 158 1350 293 1412; x_wconf 83' lang='lat' dir='ltr'><strong>Quid</strong></span> <span class='ocrx_word' id='word_1_106' title='bbox 318 1350 380 1398; x_wconf 87' lang='lat' dir='ltr'><strong>de</strong></span> <span class='ocrx_word' id='word_1_107' title='bbox 406 1364 606 1412; x_wconf 89' lang='lat' dir='ltr'><strong>quoque</strong></span> <span class='ocrx_word' id='word_1_108' title='bbox 631 1349 743 1397; x_wconf 80' lang='lat' dir='ltr'><strong>viro</strong></span> <span class='ocrx_word' id='word_1_109' title='bbox 767 1354 820 1396; x_wconf 89' lang='lat' dir='ltr'><strong>et</strong></span> <span class='ocrx_word' id='word_1_110' title='bbox 846 1348 926 1395; x_wconf 89' lang='lat' dir='ltr'><strong>cui</strong></span> <span class='ocrx_word' id='word_1_111' title='bbox 952 1348 1109 1406; x_wconf 88' lang='lat' dir='ltr'><strong>dicas,</strong></span> <span class='ocrx_word' id='word_1_112' title='bbox 1138 1362 1292 1408; x_wconf 91' lang='lat' dir='ltr'><strong>saepe</strong></span> <span class='ocrx_word' id='word_1_113' title='bbox 1318 1346 1504 1393; x_wconf 88' lang='lat' dir='ltr'><strong>videto.</strong></span> 
     </span>
     <span class='ocr_line' id='line_1_18' title="bbox 158 1415 1478 1479; baseline -0.004 -14"><span class='ocrx_word' id='word_1_114' title='bbox 158 1417 576 1466; x_wconf 88' lang='lat' dir='ltr'><strong>Percontatorem</strong></span> <span class='ocrx_word' id='word_1_115' title='bbox 604 1416 784 1479; x_wconf 84' lang='lat' dir='ltr'><strong>fugito,</strong></span> <span class='ocrx_word' id='word_1_116' title='bbox 811 1430 930 1463; x_wconf 87' lang='lat' dir='ltr'><strong>nam</strong></span> <span class='ocrx_word' id='word_1_117' title='bbox 958 1415 1197 1478; x_wconf 84' lang='lat' dir='ltr'><strong>garrulus</strong></span> <span class='ocrx_word' id='word_1_118' title='bbox 1223 1415 1359 1462; x_wconf 91' lang='lat' dir='ltr'><strong>idem</strong></span> <span class='ocrx_word' id='word_1_119' title='bbox 1384 1417 1478 1472; x_wconf 89' lang='lat' dir='ltr'><strong>est,</strong></span> 
     </span>
    </p>

    <p class='ocr_par' dir='ltr' id='par_1_12' title="bbox 157 1482 1737 1602">
     <span class='ocr_line' id='line_1_19' title="bbox 157 1482 1737 1547; baseline -0.004 -14"><span class='ocrx_word' id='word_1_120' title='bbox 157 1484 268 1534; x_wconf 88' lang='lat' dir='ltr'><strong>Nec</strong></span> <span class='ocrx_word' id='word_1_121' title='bbox 291 1485 513 1533; x_wconf 89' lang='lat' dir='ltr'><strong>retinent</strong></span> <span class='ocrx_word' id='word_1_122' title='bbox 535 1485 741 1547; x_wconf 88' lang='lat' dir='ltr'><strong>patulae</strong></span> <span class='ocrx_word' id='word_1_123' title='bbox 767 1484 1042 1532; x_wconf 89' lang='lat' dir='ltr'><strong>commissa</strong></span> <span class='ocrx_word' id='word_1_124' title='bbox 1066 1482 1283 1530; x_wconf 86' lang='lat' dir='ltr'><strong>fideliter</strong></span> <span class='ocrx_word' id='word_1_125' title='bbox 1308 1496 1471 1540; x_wconf 87' lang='lat' dir='ltr'><strong>aures,</strong></span> <span class='ocrx_word' id='word_1_126' title='bbox 1677 1486 1737 1538; x_wconf 77' lang='lat'><strong>70</strong></span> 
     </span>
     <span class='ocr_line' id='line_1_20' title="bbox 157 1549 1454 1602; baseline -0.002 -1"><span class='ocrx_word' id='word_1_127' title='bbox 157 1552 227 1602; x_wconf 89' lang='lat' dir='ltr'><strong>Et</strong></span> <span class='ocrx_word' id='word_1_128' title='bbox 251 1553 409 1602; x_wconf 90' lang='lat' dir='ltr'><strong>semel</strong></span> <span class='ocrx_word' id='word_1_129' title='bbox 431 1553 676 1601; x_wconf 86' lang='lat' dir='ltr'><strong>emissum</strong></span> <span class='ocrx_word' id='word_1_130' title='bbox 704 1552 845 1600; x_wconf 86' lang='lat' dir='ltr'><strong>volat</strong></span> <span class='ocrx_word' id='word_1_131' title='bbox 870 1551 1202 1599; x_wconf 84' lang='lat' dir='ltr'><strong>irrevocabile</strong></span> <span class='ocrx_word' id='word_1_132' title='bbox 1228 1549 1454 1598; x_wconf 87' lang='lat' dir='ltr'><strong>verbum.</strong></span> 
     </span>
    </p>

    <p class='ocr_par' dir='ltr' id='par_1_13' title="bbox 157 1618 1733 1751">
     <span class='ocr_line' id='line_1_21' title="bbox 159 1618 1733 1683; baseline -0.003 -14"><span class='ocrx_word' id='word_1_133' title='bbox 159 1621 374 1683; x_wconf 80' lang='lat' dir='ltr'><strong>Qualem</strong></span> <span class='ocrx_word' id='word_1_134' title='bbox 399 1620 727 1670; x_wconf 84' lang='lat' dir='ltr'><strong>commendes</strong></span> <span class='ocrx_word' id='word_1_135' title='bbox 750 1620 910 1668; x_wconf 87' lang='lat' dir='ltr'><strong>etiam</strong></span> <span class='ocrx_word' id='word_1_136' title='bbox 936 1624 1090 1682; x_wconf 88' lang='lat' dir='ltr'><strong>atque</strong></span> <span class='ocrx_word' id='word_1_137' title='bbox 1116 1619 1274 1666; x_wconf 88' lang='lat' dir='ltr'><strong>etiam</strong></span> <span class='ocrx_word' id='word_1_138' title='bbox 1308 1618 1494 1680; x_wconf 83' lang='lat' dir='ltr'><strong>aspice,</strong></span> <span class='ocrx_word' id='word_1_139' title='bbox 1521 1631 1586 1663; x_wconf 91' lang='lat' dir='ltr'><strong>ne</strong></span> <span class='ocrx_word' id='word_1_140' title='bbox 1611 1630 1733 1664; x_wconf 87' lang='lat' dir='ltr'><strong>mox</strong></span> 
     </span>
     <span class='ocr_line' id='line_1_22' title="bbox 157 1687 1255 1751; baseline -0.004 -14"><span class='ocrx_word' id='word_1_141' title='bbox 157 1688 423 1737; x_wconf 89' lang='lat' dir='ltr'><strong>Incutiant</strong></span> <span class='ocrx_word' id='word_1_142' title='bbox 449 1688 616 1736; x_wconf 85' lang='lat' dir='ltr'><strong>aliena</strong></span> <span class='ocrx_word' id='word_1_143' title='bbox 640 1688 734 1736; x_wconf 90' lang='lat' dir='ltr'><strong>tibi</strong></span> <span class='ocrx_word' id='word_1_144' title='bbox 758 1693 971 1751; x_wconf 88' lang='lat' dir='ltr'><strong>peccata</strong></span> <span class='ocrx_word' id='word_1_145' title='bbox 996 1687 1255 1750; x_wconf 88' lang='lat' dir='ltr'><strong>pudorem.</strong></span> 
     </span>
    </p>

    <p class='ocr_par' dir='ltr' id='par_1_14' title="bbox 158 1753 1735 2022">
     <span class='ocr_line' id='line_1_23' title="bbox 158 1753 1606 1819; baseline -0.003 -15"><span class='ocrx_word' id='word_1_146' title='bbox 158 1756 409 1804; x_wconf 87' lang='lat' dir='ltr'><strong>Fallimur</strong></span> <span class='ocrx_word' id='word_1_147' title='bbox 431 1762 485 1804; x_wconf 93' lang='lat' dir='ltr'><strong>et</strong></span> <span class='ocrx_word' id='word_1_148' title='bbox 509 1756 767 1819; x_wconf 89' lang='lat' dir='ltr'><strong>quondam</strong></span> <span class='ocrx_word' id='word_1_149' title='bbox 797 1771 896 1802; x_wconf 89' lang='lat' dir='ltr'><strong>non</strong></span> <span class='ocrx_word' id='word_1_150' title='bbox 923 1755 1135 1817; x_wconf 86' lang='lat' dir='ltr'><strong>dignum</strong></span> <span class='ocrx_word' id='word_1_151' title='bbox 1160 1753 1415 1801; x_wconf 85' lang='lat' dir='ltr'><strong>tradimus</strong></span> <span class='ocrx_word' id='word_1_152' title='bbox 1436 1770 1446 1800; x_wconf 91' lang='lat'><strong>:</strong></span> <span class='ocrx_word' id='word_1_153' title='bbox 1485 1766 1606 1814; x_wconf 86' lang='lat' dir='ltr'><strong>ergo</strong></span> 
     </span>
     <span class='ocr_line' id='line_1_24' title="bbox 158 1817 1735 1886; baseline -0.004 -14"><span class='ocrx_word' id='word_1_154' title='bbox 158 1824 322 1886; x_wconf 83' lang='lat' dir='ltr'><strong>Quem</strong></span> <span class='ocrx_word' id='word_1_155' title='bbox 349 1839 443 1871; x_wconf 87' lang='lat' dir='ltr'><strong>sua</strong></span> <span class='ocrx_word' id='word_1_156' title='bbox 469 1824 618 1886; x_wconf 87' lang='lat' dir='ltr'><strong>culpa</strong></span> <span class='ocrx_word' id='word_1_157' title='bbox 644 1828 855 1886; x_wconf 90' lang='lat' dir='ltr'><strong>premet,</strong></span> <span class='ocrx_word' id='word_1_158' title='bbox 885 1822 1129 1884; x_wconf 89' lang='lat' dir='ltr'><strong>deceptus</strong></span> <span class='ocrx_word' id='word_1_159' title='bbox 1155 1821 1334 1869; x_wconf 90' lang='lat' dir='ltr'><strong>omitte</strong></span> <span class='ocrx_word' id='word_1_160' title='bbox 1359 1820 1508 1878; x_wconf 92' lang='lat' dir='ltr'><strong>tueri,</strong></span> <span class='ocrx_word' id='word_1_161' title='bbox 1672 1817 1735 1869; x_wconf 73' lang='lat'><strong>75</strong></span> 
     </span>
     <span class='ocr_line' id='line_1_25' title="bbox 158 1889 1494 1955; baseline -0.003 -16"><span class='ocrx_word' id='word_1_162' title='bbox 158 1891 234 1940; x_wconf 88' lang='lat' dir='ltr'><strong>Ut</strong></span> <span class='ocrx_word' id='word_1_163' title='bbox 259 1893 466 1955; x_wconf 90' lang='lat' dir='ltr'><strong>penitus</strong></span> <span class='ocrx_word' id='word_1_164' title='bbox 492 1897 684 1948; x_wconf 89' lang='lat' dir='ltr'><strong>notum,</strong></span> <span class='ocrx_word' id='word_1_165' title='bbox 714 1891 756 1938; x_wconf 89' lang='lat' dir='ltr'><strong>si</strong></span> <span class='ocrx_word' id='word_1_166' title='bbox 783 1895 1038 1953; x_wconf 87' lang='lat' dir='ltr'><strong>temptent</strong></span> <span class='ocrx_word' id='word_1_167' title='bbox 1063 1889 1290 1947; x_wconf 86' lang='lat' dir='ltr'><strong>crimina,</strong></span> <span class='ocrx_word' id='word_1_168' title='bbox 1318 1902 1494 1936; x_wconf 87' lang='lat' dir='ltr'><strong>serves</strong></span> 
     </span>
     <span class='ocr_line' id='line_1_26' title="bbox 158 1957 1279 2022; baseline -0.004 -15"><span class='ocrx_word' id='word_1_169' title='bbox 158 1958 463 2022; x_wconf 85' lang='lat' dir='ltr'><strong>Tuterisque</strong></span> <span class='ocrx_word' id='word_1_170' title='bbox 489 1966 579 2006; x_wconf 93' lang='lat' dir='ltr'><strong>tuo</strong></span> <span class='ocrx_word' id='word_1_171' title='bbox 607 1958 844 2006; x_wconf 85' lang='lat' dir='ltr'><strong>fidentem</strong></span> <span class='ocrx_word' id='word_1_172' title='bbox 870 1957 1154 2021; x_wconf 88' lang='lat' dir='ltr'><strong>praesidio:</strong></span> <span class='ocrx_word' id='word_1_173' title='bbox 1193 1957 1279 2020; x_wconf 90' lang='lat' dir='ltr'><strong>qui</strong></span> 
     </span>
    </p>

    <p class='ocr_par' dir='ltr' id='par_1_15' title="bbox 159 2023 1396 2087">
     <span class='ocr_line' id='line_1_27' title="bbox 159 2023 1396 2087; baseline -0.004 -12"><span class='ocrx_word' id='word_1_174' title='bbox 159 2026 325 2075; x_wconf 88' lang='lat' dir='ltr'><strong>Dente</strong></span> <span class='ocrx_word' id='word_1_175' title='bbox 351 2026 617 2075; x_wconf 81' lang='lat' dir='ltr'><strong>Theonino</strong></span> <span class='ocrx_word' id='word_1_176' title='bbox 643 2042 756 2075; x_wconf 89' lang='lat' dir='ltr'><strong>cum</strong></span> <span class='ocrx_word' id='word_1_177' title='bbox 785 2025 1187 2084; x_wconf 86' lang='lat' dir='ltr'><strong>circumroditur‚</strong></span> <span class='ocrx_word' id='word_1_178' title='bbox 1215 2023 1396 2087; x_wconf 87' lang='lat' dir='ltr'><strong>ecquid</strong></span> 
     </span>
    </p>

    <p class='ocr_par' dir='ltr' id='par_1_16' title="bbox 158 2090 1356 2158">
     <span class='ocr_line' id='line_1_28' title="bbox 158 2090 1356 2158; baseline -0.003 -15"><span class='ocrx_word' id='word_1_179' title='bbox 158 2094 245 2143; x_wconf 86' lang='lat' dir='ltr'><strong>Ad</strong></span> <span class='ocrx_word' id='word_1_180' title='bbox 270 2101 320 2143; x_wconf 90' lang='lat' dir='ltr'><strong>te</strong></span> <span class='ocrx_word' id='word_1_181' title='bbox 345 2101 463 2158; x_wconf 90' lang='lat' dir='ltr'><strong>post</strong></span> <span class='ocrx_word' id='word_1_182' title='bbox 486 2094 640 2158; x_wconf 89' lang='lat' dir='ltr'><strong>paulo</strong></span> <span class='ocrx_word' id='word_1_183' title='bbox 668 2100 885 2142; x_wconf 82' lang='lat' dir='ltr'><strong>ventura</strong></span> <span class='ocrx_word' id='word_1_184' title='bbox 910 2093 1133 2156; x_wconf 84' lang='lat' dir='ltr'><strong>pericula</strong></span> <span class='ocrx_word' id='word_1_185' title='bbox 1158 2090 1356 2140; x_wconf 84' lang='lat' dir='ltr'><strong>sentis?</strong></span> 
     </span>
    </p>

    <p class='ocr_par' dir='ltr' id='par_1_17' title="bbox 158 2157 1737 2292">
     <span class='ocr_line' id='line_1_29' title="bbox 158 2157 1737 2225; baseline -0.004 -15"><span class='ocrx_word' id='word_1_186' title='bbox 158 2160 291 2210; x_wconf 83' lang='lat' dir='ltr'><strong>Nam</strong></span> <span class='ocrx_word' id='word_1_187' title='bbox 317 2169 408 2210; x_wconf 90' lang='lat' dir='ltr'><strong>tua</strong></span> <span class='ocrx_word' id='word_1_188' title='bbox 431 2178 512 2210; x_wconf 89' lang='lat' dir='ltr'><strong>res</strong></span> <span class='ocrx_word' id='word_1_189' title='bbox 539 2163 724 2224; x_wconf 84' lang='lat' dir='ltr'><strong>agitur,</strong></span> <span class='ocrx_word' id='word_1_190' title='bbox 747 2162 917 2225; x_wconf 88' lang='lat' dir='ltr'><strong>paries</strong></span> <span class='ocrx_word' id='word_1_191' title='bbox 944 2176 1056 2208; x_wconf 91' lang='lat' dir='ltr'><strong>cum</strong></span> <span class='ocrx_word' id='word_1_192' title='bbox 1082 2160 1342 2223; x_wconf 86' lang='lat' dir='ltr'><strong>proximus</strong></span> <span class='ocrx_word' id='word_1_193' title='bbox 1369 2158 1528 2217; x_wconf 91' lang='lat' dir='ltr'><strong>ardet,</strong></span> <span class='ocrx_word' id='word_1_194' title='bbox 1675 2157 1737 2204; x_wconf 90' lang='grc'><strong>80</strong></span> 
     </span>
     <span class='ocr_line' id='line_1_30' title="bbox 159 2228 1345 2292; baseline -0.003 -15"><span class='ocrx_word' id='word_1_195' title='bbox 159 2228 230 2277; x_wconf 84' lang='lat' dir='ltr'><strong>Et</strong></span> <span class='ocrx_word' id='word_1_196' title='bbox 254 2230 487 2292; x_wconf 84' lang='lat' dir='ltr'><strong>neglecta</strong></span> <span class='ocrx_word' id='word_1_197' title='bbox 512 2231 680 2277; x_wconf 83' lang='lat' dir='ltr'><strong>solent</strong></span> <span class='ocrx_word' id='word_1_198' title='bbox 706 2229 944 2277; x_wconf 82' lang='lat' dir='ltr'><strong>incendia</strong></span> <span class='ocrx_word' id='word_1_199' title='bbox 970 2243 1167 2275; x_wconf 90' lang='lat' dir='ltr'><strong>sumere</strong></span> <span class='ocrx_word' id='word_1_200' title='bbox 1195 2228 1345 2275; x_wconf 86' lang='lat' dir='ltr'><strong>vires.</strong></span> 
     </span>
    </p>

    <p class='ocr_par' dir='ltr' id='par_1_18' title="bbox 160 2296 1326 2361">
     <span class='ocr_line' id='line_1_31' title="bbox 160 2296 1326 2361; baseline -0.002 -16"><span class='ocrx_word' id='word_1_201' title='bbox 160 2296 338 2345; x_wconf 88' lang='lat' dir='ltr'><strong>Dulcis</strong></span> <span class='ocrx_word' id='word_1_202' title='bbox 364 2298 642 2361; x_wconf 87' lang='lat' dir='ltr'><strong>inexpertis</strong></span> <span class='ocrx_word' id='word_1_203' title='bbox 669 2298 870 2345; x_wconf 90' lang='lat' dir='ltr'><strong>cultura</strong></span> <span class='ocrx_word' id='word_1_204' title='bbox 895 2297 1120 2359; x_wconf 86' lang='lat' dir='ltr'><strong>potentis</strong></span> <span class='ocrx_word' id='word_1_205' title='bbox 1147 2296 1326 2343; x_wconf 91' lang='lat' dir='ltr'><strong>amici:</strong></span> 
     </span>
    </p>

    <p class='ocr_par' dir='ltr' id='par_1_19' title="bbox 161 2362 1578 2428">
     <span class='ocr_line' id='line_1_32' title="bbox 161 2362 1578 2428; baseline -0.003 -16"><span class='ocrx_word' id='word_1_206' title='bbox 161 2364 416 2428; x_wconf 81' lang='lat' dir='ltr'><strong>Expertus</strong></span> <span class='ocrx_word' id='word_1_207' title='bbox 443 2365 636 2413; x_wconf 87' lang='lat' dir='ltr'><strong>metuit.</strong></span> <span class='ocrx_word' id='word_1_208' title='bbox 714 2364 807 2422; x_wconf 85' lang='lat' dir='ltr'><strong>Tu,</strong></span> <span class='ocrx_word' id='word_1_209' title='bbox 837 2365 957 2413; x_wconf 90' lang='lat' dir='ltr'><strong>dum</strong></span> <span class='ocrx_word' id='word_1_210' title='bbox 985 2370 1078 2411; x_wconf 88' lang='lat' dir='ltr'><strong>tua</strong></span> <span class='ocrx_word' id='word_1_211' title='bbox 1100 2364 1251 2411; x_wconf 88' lang='lat' dir='ltr'><strong>navis</strong></span> <span class='ocrx_word' id='word_1_212' title='bbox 1276 2364 1328 2410; x_wconf 91' lang='lat' dir='ltr'><strong>in</strong></span> <span class='ocrx_word' id='word_1_213' title='bbox 1355 2362 1459 2409; x_wconf 88' lang='lat' dir='ltr'><strong>alto</strong></span> <span class='ocrx_word' id='word_1_214' title='bbox 1484 2366 1578 2421; x_wconf 91' lang='lat' dir='ltr'><strong>est,</strong></span> 
     </span>
    </p>

    <p class='ocr_par' dir='ltr' id='par_1_20' title="bbox 161 2429 1736 2630">
     <span class='ocr_line' id='line_1_33' title="bbox 161 2429 1724 2495; baseline -0.001 -16"><span class='ocrx_word' id='word_1_215' title='bbox 161 2429 277 2481; x_wconf 87' lang='lat' dir='ltr'><strong>Hoc</strong></span> <span class='ocrx_word' id='word_1_216' title='bbox 302 2449 412 2495; x_wconf 85' lang='lat' dir='ltr'><strong>age,</strong></span> <span class='ocrx_word' id='word_1_217' title='bbox 441 2448 503 2480; x_wconf 89' lang='lat' dir='ltr'><strong>ne</strong></span> <span class='ocrx_word' id='word_1_218' title='bbox 532 2438 733 2480; x_wconf 85' lang='lat' dir='ltr'><strong>mutata</strong></span> <span class='ocrx_word' id='word_1_219' title='bbox 759 2438 1039 2480; x_wconf 85' lang='lat' dir='ltr'><strong>retrorsum</strong></span> <span class='ocrx_word' id='word_1_220' title='bbox 1064 2437 1115 2479; x_wconf 90' lang='lat' dir='ltr'><strong>te</strong></span> <span class='ocrx_word' id='word_1_221' title='bbox 1143 2432 1270 2479; x_wconf 83' lang='lat' dir='ltr'><strong>ferat</strong></span> <span class='ocrx_word' id='word_1_222' title='bbox 1297 2444 1433 2478; x_wconf 86' lang='lat' dir='ltr'><strong>aura.</strong></span> <span class='ocrx_word' id='word_1_223' title='bbox 1720 2467 1724 2469; x_wconf 88' lang='lat'>-</span> 
     </span>
     <span class='ocr_line' id='line_1_34' title="bbox 161 2493 1736 2562; baseline -0.005 -14"><span class='ocrx_word' id='word_1_224' title='bbox 161 2498 396 2548; x_wconf 91' lang='lat' dir='ltr'><strong>Oderunt</strong></span> <span class='ocrx_word' id='word_1_225' title='bbox 422 2499 633 2547; x_wconf 89' lang='lat' dir='ltr'><strong>hilarem</strong></span> <span class='ocrx_word' id='word_1_226' title='bbox 662 2501 850 2558; x_wconf 84' lang='lat' dir='ltr'><strong>tristes,</strong></span> <span class='ocrx_word' id='word_1_227' title='bbox 879 2500 1181 2562; x_wconf 87' lang='lat' dir='ltr'><strong>tristemque</strong></span> <span class='ocrx_word' id='word_1_228' title='bbox 1211 2497 1389 2561; x_wconf 74' lang='lat' dir='ltr'><strong>Jocosi‚</strong></span> <span class='ocrx_word' id='word_1_229' title='bbox 1676 2493 1736 2541; x_wconf 74' lang='lat'><strong>85</strong></span> 
     </span>
     <span class='ocr_line' id='line_1_35' title="bbox 164 2565 1430 2630; baseline -0.002 -15"><span class='ocrx_word' id='word_1_230' title='bbox 164 2566 407 2615; x_wconf 85' lang='lat' dir='ltr'><strong>Sedatum</strong></span> <span class='ocrx_word' id='word_1_231' title='bbox 437 2567 639 2625; x_wconf 89' lang='lat' dir='ltr'><strong>celeres,</strong></span> <span class='ocrx_word' id='word_1_232' title='bbox 671 2568 855 2630; x_wconf 86' lang='lat' dir='ltr'><strong>agilem</strong></span> <span class='ocrx_word' id='word_1_233' title='bbox 882 2582 1174 2629; x_wconf 87' lang='lat' dir='ltr'><strong>navumque</strong></span> <span class='ocrx_word' id='word_1_234' title='bbox 1200 2565 1430 2626; x_wconf 81' lang='lat' dir='ltr'><strong>remissi3</strong></span> 
     </span>
    </p>

    <p class='ocr_par' dir='ltr' id='par_1_21' title="bbox 162 2634 1293 2700">
     <span class='ocr_line' id='line_1_36' title="bbox 162 2634 1293 2700; baseline -0.004 -16"><span class='ocrx_word' id='word_1_235' title='bbox 162 2634 379 2684; x_wconf 88' lang='lat' dir='ltr'><strong>Potores</strong></span> <span class='ocrx_word' id='word_1_236' title='bbox 407 2635 595 2700; x_wconf 86' lang='lat' dir='ltr'><strong>[bibuli</strong></span> <span class='ocrx_word' id='word_1_237' title='bbox 623 2635 797 2682; x_wconf 84' lang='lat' dir='ltr'><strong>media</strong></span> <span class='ocrx_word' id='word_1_238' title='bbox 823 2636 884 2683; x_wconf 89' lang='lat' dir='ltr'><strong>de</strong></span> <span class='ocrx_word' id='word_1_239' title='bbox 913 2640 1059 2682; x_wconf 89' lang='lat' dir='ltr'><strong>nocte</strong></span> <span class='ocrx_word' id='word_1_240' title='bbox 1089 2634 1293 2681; x_wconf 85' lang='lat' dir='ltr'><strong>Falerni</strong></span> 
     </span>
    </p>

    <p class='ocr_par' dir='ltr' id='par_1_22' title="bbox 163 2698 1466 2767">
     <span class='ocr_line' id='line_1_37' title="bbox 163 2698 1466 2767; baseline -0.004 -18"><span class='ocrx_word' id='word_1_241' title='bbox 163 2700 421 2767; x_wconf 91' lang='lat' dir='ltr'><strong>Oderunt]</strong></span> <span class='ocrx_word' id='word_1_242' title='bbox 451 2709 684 2765; x_wconf 89' lang='lat' dir='ltr'><strong>porrecta</strong></span> <span class='ocrx_word' id='word_1_243' title='bbox 708 2707 979 2764; x_wconf 83' lang='lat' dir='ltr'><strong>negantem</strong></span> <span class='ocrx_word' id='word_1_244' title='bbox 1006 2701 1201 2764; x_wconf 84' lang='lat' dir='ltr'><strong>pocula,</strong></span> <span class='ocrx_word' id='word_1_245' title='bbox 1229 2698 1466 2763; x_wconf 82' lang='lat' dir='ltr'><strong>quamvis</strong></span> 
     </span>
    </p>

    <p class='ocr_par' dir='ltr' id='par_1_23' title="bbox 162 2767 1244 2832">
     <span class='ocr_line' id='line_1_38' title="bbox 162 2767 1244 2832; baseline -0.001 -16"><span class='ocrx_word' id='word_1_246' title='bbox 162 2767 211 2816; x_wconf 83' lang='lat' dir='ltr'>N</span> <span class='ocrx_word' id='word_1_247' title='bbox 217 2776 458 2817; x_wconf 89' lang='lat' dir='ltr'><strong>octurnos</strong></span> <span class='ocrx_word' id='word_1_248' title='bbox 485 2771 629 2832; x_wconf 88' lang='lat' dir='ltr'><strong>jures</strong></span> <span class='ocrx_word' id='word_1_249' title='bbox 653 2775 704 2817; x_wconf 90' lang='lat' dir='ltr'><strong>te</strong></span> <span class='ocrx_word' id='word_1_250' title='bbox 730 2769 1002 2818; x_wconf 80' lang='lat' dir='ltr'><strong>formidare</strong></span> <span class='ocrx_word' id='word_1_251' title='bbox 1029 2775 1244 2831; x_wconf 86' lang='lat' dir='ltr'><strong>tepores.</strong></span> 
     </span>
    </p>
   </div>
   <div class='ocr_carea' id='block_1_3' title="bbox 189 2907 1711 2958">
    <p class='ocr_par' dir='ltr' id='par_1_24' title="bbox 189 2907 1711 2958">
     <span class='ocr_line' id='line_1_39' title="bbox 189 2907 1711 2958; baseline -0.003 -11"><span class='ocrx_word' id='word_1_252' title='bbox 189 2909 236 2947; x_wconf 80' lang='lat'><strong>58</strong></span> <span class='ocrx_word' id='word_1_253' title='bbox 256 2910 389 2947; x_wconf 70' lang='lat' dir='ltr'><strong>abates</strong></span> <span class='ocrx_word' id='word_1_254' title='bbox 412 2910 611 2947; x_wconf 68' lang='lat' dir='ltr'><strong>Benaeceim</strong></span> <span class='ocrx_word' id='word_1_255' title='bbox 716 2912 762 2948; x_wconf 86' lang='lat'><strong>83</strong></span> <span class='ocrx_word' id='word_1_256' title='bbox 782 2913 934 2948; x_wconf 81' lang='lat' dir='ltr'><strong>metuet</strong></span> <span class='ocrx_word' id='word_1_257' title='bbox 1039 2911 1086 2947; x_wconf 86' lang='lat'><strong>86</strong></span> <span class='ocrx_word' id='word_1_258' title='bbox 1107 2921 1365 2958; x_wconf 79' lang='lat' dir='ltr'><strong>gnavumque</strong></span> <span class='ocrx_word' id='word_1_259' title='bbox 1471 2907 1517 2943; x_wconf 83' lang='lat'><strong>89</strong></span> <span class='ocrx_word' id='word_1_260' title='bbox 1540 2916 1711 2956; x_wconf 69' lang='lat' dir='ltr'><strong>vapore·</strong></span> 
     </span>
    </p>
   </div>
  </div>
 </body>
</html>
