<?xml version="1.0" encoding="UTF-8"?>
<!DOCTYPE html PUBLIC "-//W3C//DTD XHTML 1.0 Transitional//EN"
    "http://www.w3.org/TR/xhtml1/DTD/xhtml1-transitional.dtd">
<html xmlns="http://www.w3.org/1999/xhtml" xml:lang="en" lang="en">
 <head>
  <title>
</title>
<meta http-equiv="Content-Type" content="text/html;charset=utf-8" />
  <meta name='ocr-system' content='tesseract 3.04.00' />
  <meta name='ocr-capabilities' content='ocr_page ocr_carea ocr_par ocr_line ocrx_word'/>
</head>
<body>
  <div class='ocr_page' id='page_1' title='image "./workschase00horauoft_0150.png"; bbox 0 0 1878 3054; ppageno 0'>
   <div class='ocr_carea' id='block_1_1' title="bbox 259 170 1360 231">
    <p class='ocr_par' dir='ltr' id='par_1_1' title="bbox 259 170 1360 231">
     <span class='ocr_line' id='line_1_1' title="bbox 259 170 1360 231; baseline -0.001 -6"><span class='ocrx_word' id='word_1_1' title='bbox 259 170 367 231; x_wconf 82' lang='lat'>146</span> <span class='ocrx_word' id='word_1_2' title='bbox 707 184 948 226; x_wconf 78' lang='lat' dir='ltr'><strong>HORATI.</strong></span> <span class='ocrx_word' id='word_1_3' title='bbox 991 184 1360 227; x_wconf 73' lang='lat' dir='ltr'><strong>SATIRARVM</strong></span> 
     </span>
    </p>
   </div>
   <div class='ocr_carea' id='block_1_2' title="bbox 258 315 1810 2059">
    <p class='ocr_par' dir='ltr' id='par_1_2' title="bbox 258 315 1808 647">
     <span class='ocr_line' id='line_1_2' title="bbox 260 315 1808 380; baseline 0.002 -15"><span class='ocrx_word' id='word_1_4' title='bbox 260 315 522 365; x_wconf 85' lang='lat' dir='ltr'>Convivas</span> <span class='ocrx_word' id='word_1_5' title='bbox 548 316 728 364; x_wconf 86' lang='lat' dir='ltr'>avidos</span> <span class='ocrx_word' id='word_1_6' title='bbox 752 332 928 365; x_wconf 88' lang='lat' dir='ltr'>cenam</span> <span class='ocrx_word' id='word_1_7' title='bbox 955 332 1229 380; x_wconf 85' lang='lat' dir='ltr'>servosque</span> <span class='ocrx_word' id='word_1_8' title='bbox 1255 317 1494 365; x_wconf 89' lang='lat' dir='ltr'>timentes</span> <span class='ocrx_word' id='word_1_9' title='bbox 1743 322 1808 372; x_wconf 66' lang='lat'>‚⁷5</span> 
     </span>
     <span class='ocr_line' id='line_1_3' title="bbox 259 384 1788 446; baseline 0.001 -14"><span class='ocrx_word' id='word_1_10' title='bbox 259 384 389 432; x_wconf 82' lang='lat' dir='ltr'>Tum</span> <span class='ocrx_word' id='word_1_11' title='bbox 414 397 604 445; x_wconf 84' lang='lat' dir='ltr'>rapere,</span> <span class='ocrx_word' id='word_1_12' title='bbox 634 389 786 446; x_wconf 92' lang='lat' dir='ltr'>atque</span> <span class='ocrx_word' id='word_1_13' title='bbox 813 400 988 432; x_wconf 90' lang='lat' dir='ltr'>omnes</span> <span class='ocrx_word' id='word_1_14' title='bbox 1014 385 1329 446; x_wconf 79' lang='lat' dir='ltr'>restinguere</span> <span class='ocrx_word' id='word_1_15' title='bbox 1355 385 1485 432; x_wconf 85' lang='lat' dir='ltr'>velle</span> <span class='ocrx_word' id='word_1_16' title='bbox 1511 384 1721 434; x_wconf 86' lang='lat' dir='ltr'>videres.</span> <span class='ocrx_word' id='word_1_17' title='bbox 1785 395 1788 397; x_wconf 67' lang='lat'>‘</span> 
     </span>
     <span class='ocr_line' id='line_1_4' title="bbox 258 450 1608 513; baseline -0.001 -14"><span class='ocrx_word' id='word_1_18' title='bbox 258 450 445 512; x_wconf 89' lang='lat' dir='ltr'>Incipit</span> <span class='ocrx_word' id='word_1_19' title='bbox 468 465 532 497; x_wconf 84' lang='lat' dir='ltr'>ex</span> <span class='ocrx_word' id='word_1_20' title='bbox 555 450 642 497; x_wconf 94' lang='lat' dir='ltr'>illo</span> <span class='ocrx_word' id='word_1_21' title='bbox 668 456 868 498; x_wconf 87' lang='lat' dir='ltr'>montes</span> <span class='ocrx_word' id='word_1_22' title='bbox 894 451 1087 513; x_wconf 84' lang='lat' dir='ltr'><strong>Apulia</strong></span> <span class='ocrx_word' id='word_1_23' title='bbox 1111 458 1261 498; x_wconf 92' lang='lat' dir='ltr'>notos</span> <span class='ocrx_word' id='word_1_24' title='bbox 1602 492 1608 498; x_wconf 96' lang='lat'>.</span> 
     </span>
     <span class='ocr_line' id='line_1_5' title="bbox 260 517 1568 582; baseline 0.001 -16"><span class='ocrx_word' id='word_1_25' title='bbox 260 517 533 566; x_wconf 79' lang='lat' dir='ltr'>Ostentare</span> <span class='ocrx_word' id='word_1_26' title='bbox 559 517 700 575; x_wconf 91' lang='lat' dir='ltr'>mihi,</span> <span class='ocrx_word' id='word_1_27' title='bbox 730 533 857 580; x_wconf 95' lang='lat' dir='ltr'>quos</span> <span class='ocrx_word' id='word_1_28' title='bbox 882 523 1041 565; x_wconf 90' lang='lat' dir='ltr'>torret</span> <span class='ocrx_word' id='word_1_29' title='bbox 1068 518 1339 577; x_wconf 78' lang='lat' dir='ltr'><strong>Atabulus,</strong></span> <span class='ocrx_word' id='word_1_30' title='bbox 1366 523 1418 567; x_wconf 88' lang='lat' dir='ltr'>et</span> <span class='ocrx_word' id='word_1_31' title='bbox 1442 534 1568 582; x_wconf 89' lang='lat' dir='ltr'>quos</span> 
     </span>
     <span class='ocr_line' id='line_1_6' title="bbox 259 585 1538 647; baseline 0.002 -15"><span class='ocrx_word' id='word_1_32' title='bbox 259 585 551 647; x_wconf 87' lang='lat' dir='ltr'><strong>Numquam</strong></span> <span class='ocrx_word' id='word_1_33' title='bbox 576 599 883 646; x_wconf 92' lang='lat' dir='ltr'>erepsemus,</span> <span class='ocrx_word' id='word_1_34' title='bbox 912 585 1010 632; x_wconf 90' lang='lat' dir='ltr'>nisi</span> <span class='ocrx_word' id='word_1_35' title='bbox 1037 600 1130 632; x_wconf 89' lang='lat' dir='ltr'>nos</span> <span class='ocrx_word' id='word_1_36' title='bbox 1156 586 1323 633; x_wconf 87' lang='lat' dir='ltr'>vicina</span> <span class='ocrx_word' id='word_1_37' title='bbox 1348 586 1538 635; x_wconf 85' lang='lat' dir='ltr'>Trivici</span> 
     </span>
    </p>

    <p class='ocr_par' dir='ltr' id='par_1_3' title="bbox 258 652 1810 768">
     <span class='ocr_line' id='line_1_7' title="bbox 258 652 1810 715; baseline 0.003 -16"><span class='ocrx_word' id='word_1_38' title='bbox 258 652 402 700; x_wconf 90' lang='lat' dir='ltr'>Villa</span> <span class='ocrx_word' id='word_1_39' title='bbox 427 653 713 713; x_wconf 78' lang='lat' dir='ltr'>recepisset,</span> <span class='ocrx_word' id='word_1_40' title='bbox 742 652 1008 700; x_wconf 91' lang='lat' dir='ltr'>lacrimoso</span> <span class='ocrx_word' id='word_1_41' title='bbox 1036 668 1138 700; x_wconf 91' lang='lat' dir='ltr'>non</span> <span class='ocrx_word' id='word_1_42' title='bbox 1163 653 1270 701; x_wconf 91' lang='lat' dir='ltr'>sine</span> <span class='ocrx_word' id='word_1_43' title='bbox 1296 654 1450 715; x_wconf 85' lang='lat' dir='ltr'>fumo,</span> <span class='ocrx_word' id='word_1_44' title='bbox 1748 657 1810 703; x_wconf 89' lang='grc'>80</span> 
     </span>
     <span class='ocr_line' id='line_1_8' title="bbox 259 719 1341 768; baseline 0.001 -1"><span class='ocrx_word' id='word_1_45' title='bbox 259 719 406 767; x_wconf 89' lang='lat' dir='ltr'>Udos</span> <span class='ocrx_word' id='word_1_46' title='bbox 432 734 545 766; x_wconf 91' lang='lat' dir='ltr'>cum</span> <span class='ocrx_word' id='word_1_47' title='bbox 572 719 707 766; x_wconf 88' lang='lat' dir='ltr'>foliis</span> <span class='ocrx_word' id='word_1_48' title='bbox 732 734 901 767; x_wconf 76' lang='lat' dir='ltr'>ramos</span> <span class='ocrx_word' id='word_1_49' title='bbox 928 726 1104 767; x_wconf 88' lang='lat' dir='ltr'>urente</span> <span class='ocrx_word' id='word_1_50' title='bbox 1130 721 1341 768; x_wconf 87' lang='lat' dir='ltr'>camino.</span> 
     </span>
    </p>

    <p class='ocr_par' dir='ltr' id='par_1_4' title="bbox 258 786 1578 917">
     <span class='ocr_line' id='line_1_9' title="bbox 260 786 1578 850; baseline 0.002 -17"><span class='ocrx_word' id='word_1_51' title='bbox 260 787 515 847; x_wconf 81' lang='lat' dir='ltr'>Quattuor</span> <span class='ocrx_word' id='word_1_52' title='bbox 541 786 659 834; x_wconf 91' lang='lat' dir='ltr'>hinc</span> <span class='ocrx_word' id='word_1_53' title='bbox 683 788 910 849; x_wconf 88' lang='lat' dir='ltr'>rapimur</span> <span class='ocrx_word' id='word_1_54' title='bbox 937 787 1122 850; x_wconf 81' lang='lat' dir='ltr'>viginti</span> <span class='ocrx_word' id='word_1_55' title='bbox 1147 793 1199 835; x_wconf 93' lang='lat' dir='ltr'>et</span> <span class='ocrx_word' id='word_1_56' title='bbox 1223 788 1367 835; x_wconf 86' lang='lat' dir='ltr'>milia</span> <span class='ocrx_word' id='word_1_57' title='bbox 1390 787 1578 847; x_wconf 89' lang='lat' dir='ltr'>rhedis,</span> 
     </span>
     <span class='ocr_line' id='line_1_10' title="bbox 258 853 1528 917; baseline 0.002 -16"><span class='ocrx_word' id='word_1_58' title='bbox 258 853 493 901; x_wconf 90' lang='lat' dir='ltr'>Mansuri</span> <span class='ocrx_word' id='word_1_59' title='bbox 519 854 757 916; x_wconf 93' lang='lat' dir='ltr'>oppidulo</span> <span class='ocrx_word' id='word_1_60' title='bbox 784 855 919 917; x_wconf 92' lang='lat' dir='ltr'>quod</span> <span class='ocrx_word' id='word_1_61' title='bbox 948 870 1098 902; x_wconf 85' lang='lat' dir='ltr'>versu</span> <span class='ocrx_word' id='word_1_62' title='bbox 1122 855 1284 903; x_wconf 88' lang='lat' dir='ltr'>dicere</span> <span class='ocrx_word' id='word_1_63' title='bbox 1309 870 1411 903; x_wconf 92' lang='lat' dir='ltr'>non</span> <span class='ocrx_word' id='word_1_64' title='bbox 1434 861 1528 915; x_wconf 88' lang='lat' dir='ltr'>est,</span> 
     </span>
    </p>

    <p class='ocr_par' dir='ltr' id='par_1_5' title="bbox 262 920 1476 983">
     <span class='ocr_line' id='line_1_11' title="bbox 262 920 1476 983; baseline 0.001 -14"><span class='ocrx_word' id='word_1_65' title='bbox 262 920 436 982; x_wconf 85' lang='lat' dir='ltr'>Signis</span> <span class='ocrx_word' id='word_1_66' title='bbox 459 921 698 983; x_wconf 85' lang='lat' dir='ltr'>perfacile</span> <span class='ocrx_word' id='word_1_67' title='bbox 724 927 831 969; x_wconf 87' lang='lat' dir='ltr'>est:</span> <span class='ocrx_word' id='word_1_68' title='bbox 872 923 1014 969; x_wconf 88' lang='lat' dir='ltr'>venit</span> <span class='ocrx_word' id='word_1_69' title='bbox 1037 922 1287 970; x_wconf 87' lang='lat' dir='ltr'>vilissima</span> <span class='ocrx_word' id='word_1_70' title='bbox 1310 937 1476 970; x_wconf 92' lang='lat' dir='ltr'>rerum</span> 
     </span>
    </p>

    <p class='ocr_par' dir='ltr' id='par_1_6' title="bbox 260 987 1808 1187">
     <span class='ocr_line' id='line_1_12' title="bbox 260 987 1808 1053; baseline 0.001 -19"><span class='ocrx_word' id='word_1_71' title='bbox 260 987 363 1035; x_wconf 88' lang='lat' dir='ltr'>Hic</span> <span class='ocrx_word' id='word_1_72' title='bbox 388 1003 548 1050; x_wconf 88' lang='lat' dir='ltr'>aqua;</span> <span class='ocrx_word' id='word_1_73' title='bbox 586 989 675 1036; x_wconf 90' lang='lat' dir='ltr'>sed</span> <span class='ocrx_word' id='word_1_74' title='bbox 699 989 848 1051; x_wconf 89' lang='lat' dir='ltr'>panis</span> <span class='ocrx_word' id='word_1_75' title='bbox 876 989 1027 1052; x_wconf 91' lang='lat' dir='ltr'>longe</span> <span class='ocrx_word' id='word_1_76' title='bbox 1052 989 1435 1053; x_wconf 88' lang='lat' dir='ltr'>pulcherrimus,</span> <span class='ocrx_word' id='word_1_77' title='bbox 1460 989 1596 1037; x_wconf 86' lang='lat' dir='ltr'>ultra</span> <span class='ocrx_word' id='word_1_78' title='bbox 1746 989 1808 1036; x_wconf 86' lang='lat'>85</span> 
     </span>
     <span class='ocr_line' id='line_1_13' title="bbox 262 1054 1707 1120; baseline 0.001 -17"><span class='ocrx_word' id='word_1_79' title='bbox 262 1054 492 1103; x_wconf 84' lang='lat' dir='ltr'>Callidus</span> <span class='ocrx_word' id='word_1_80' title='bbox 516 1060 574 1103; x_wconf 92' lang='lat' dir='ltr'>ut</span> <span class='ocrx_word' id='word_1_81' title='bbox 599 1057 760 1103; x_wconf 88' lang='lat' dir='ltr'>soleat</span> <span class='ocrx_word' id='word_1_82' title='bbox 787 1056 1012 1104; x_wconf 88' lang='lat' dir='ltr'>humeris</span> <span class='ocrx_word' id='word_1_83' title='bbox 1037 1061 1239 1120; x_wconf 88' lang='lat' dir='ltr'>portare</span> <span class='ocrx_word' id='word_1_84' title='bbox 1267 1057 1462 1105; x_wconf 85' lang='lat' dir='ltr'>viator:</span> <span class='ocrx_word' id='word_1_85' title='bbox 1701 1055 1707 1061; x_wconf 77' lang='grc'><strong><em>’</em></strong></span> 
     </span>
     <span class='ocr_line' id='line_1_14' title="bbox 260 1122 1563 1187; baseline 0.002 -17"><span class='ocrx_word' id='word_1_86' title='bbox 260 1122 398 1170; x_wconf 89' lang='lat' dir='ltr'>Nam</span> <span class='ocrx_word' id='word_1_87' title='bbox 425 1122 617 1171; x_wconf 84' lang='lat' dir='ltr'>Canusi</span> <span class='ocrx_word' id='word_1_88' title='bbox 642 1123 919 1186; x_wconf 89' lang='lat' dir='ltr'>lapidosus,</span> <span class='ocrx_word' id='word_1_89' title='bbox 949 1140 1109 1187; x_wconf 88' lang='lat' dir='ltr'>aquae</span> <span class='ocrx_word' id='word_1_90' title='bbox 1134 1139 1236 1172; x_wconf 93' lang='lat' dir='ltr'>non</span> <span class='ocrx_word' id='word_1_91' title='bbox 1261 1124 1414 1172; x_wconf 91' lang='lat' dir='ltr'>ditior</span> <span class='ocrx_word' id='word_1_92' title='bbox 1436 1139 1563 1172; x_wconf 85' lang='lat' dir='ltr'>urna</span> 
     </span>
    </p>

    <p class='ocr_par' dir='ltr' id='par_1_7' title="bbox 261 1189 1598 1316">
     <span class='ocr_line' id='line_1_15' title="bbox 261 1189 1522 1250; baseline 0.002 -13"><span class='ocrx_word' id='word_1_93' title='bbox 261 1189 364 1250; x_wconf 80' lang='lat' dir='ltr'>Qui</span> <span class='ocrx_word' id='word_1_94' title='bbox 389 1190 529 1237; x_wconf 90' lang='lat' dir='ltr'>locus</span> <span class='ocrx_word' id='word_1_95' title='bbox 556 1206 586 1237; x_wconf 91' lang='lat' dir='ltr'>a</span> <span class='ocrx_word' id='word_1_96' title='bbox 611 1191 728 1238; x_wconf 88' lang='lat' dir='ltr'>forti</span> <span class='ocrx_word' id='word_1_97' title='bbox 756 1191 1003 1239; x_wconf 91' lang='lat' dir='ltr'>Diomede</span> <span class='ocrx_word' id='word_1_98' title='bbox 1029 1196 1109 1239; x_wconf 90' lang='lat' dir='ltr'>est</span> <span class='ocrx_word' id='word_1_99' title='bbox 1132 1191 1365 1240; x_wconf 90' lang='lat' dir='ltr'>conditus</span> <span class='ocrx_word' id='word_1_100' title='bbox 1390 1191 1522 1239; x_wconf 92' lang='lat' dir='ltr'>olim.</span> 
     </span>
     <span class='ocr_line' id='line_1_16' title="bbox 261 1255 1598 1316; baseline 0.003 -13"><span class='ocrx_word' id='word_1_101' title='bbox 261 1255 528 1316; x_wconf 71' lang='lat' dir='ltr'>Flentibus</span> <span class='ocrx_word' id='word_1_102' title='bbox 554 1257 672 1305; x_wconf 90' lang='lat' dir='ltr'>hinc</span> <span class='ocrx_word' id='word_1_103' title='bbox 699 1258 889 1306; x_wconf 89' lang='lat' dir='ltr'>Varius</span> <span class='ocrx_word' id='word_1_104' title='bbox 915 1259 1132 1306; x_wconf 89' lang='lat' dir='ltr'>discedit</span> <span class='ocrx_word' id='word_1_105' title='bbox 1155 1263 1381 1306; x_wconf 88' lang='lat' dir='ltr'>maestus</span> <span class='ocrx_word' id='word_1_106' title='bbox 1406 1258 1598 1307; x_wconf 88' lang='lat' dir='ltr'>amicis.</span> 
     </span>
    </p>

    <p class='ocr_par' dir='ltr' id='par_1_8' title="bbox 260 1322 1805 1456">
     <span class='ocr_line' id='line_1_17' title="bbox 260 1322 1805 1388; baseline -0.001 -18"><span class='ocrx_word' id='word_1_107' title='bbox 260 1323 388 1371; x_wconf 91' lang='lat' dir='ltr'>Inde</span> <span class='ocrx_word' id='word_1_108' title='bbox 415 1325 594 1371; x_wconf 89' lang='lat' dir='ltr'>Rubos</span> <span class='ocrx_word' id='word_1_109' title='bbox 618 1325 739 1372; x_wconf 87' lang='lat' dir='ltr'>fessi</span> <span class='ocrx_word' id='word_1_110' title='bbox 764 1326 1104 1387; x_wconf 88' lang='lat' dir='ltr'>pervenimus,</span> <span class='ocrx_word' id='word_1_111' title='bbox 1131 1330 1308 1388; x_wconf 86' lang='lat' dir='ltr'>utpote</span> <span class='ocrx_word' id='word_1_112' title='bbox 1332 1326 1543 1388; x_wconf 91' lang='lat' dir='ltr'>longum</span> <span class='ocrx_word' id='word_1_113' title='bbox 1746 1322 1805 1369; x_wconf 85' lang='lat'>90</span> 
     </span>
     <span class='ocr_line' id='line_1_18' title="bbox 263 1390 1453 1456; baseline 0 -17"><span class='ocrx_word' id='word_1_114' title='bbox 263 1390 545 1453; x_wconf 72' lang='lat' dir='ltr'>Car-pentes</span> <span class='ocrx_word' id='word_1_115' title='bbox 570 1392 667 1439; x_wconf 90' lang='lat' dir='ltr'>iter</span> <span class='ocrx_word' id='word_1_116' title='bbox 689 1397 742 1440; x_wconf 92' lang='lat' dir='ltr'>et</span> <span class='ocrx_word' id='word_1_117' title='bbox 768 1393 960 1440; x_wconf 84' lang='lat' dir='ltr'>factum</span> <span class='ocrx_word' id='word_1_118' title='bbox 987 1394 1269 1456; x_wconf 89' lang='lat' dir='ltr'>corruptius</span> <span class='ocrx_word' id='word_1_119' title='bbox 1293 1392 1453 1440; x_wconf 89' lang='lat' dir='ltr'>imbri.</span> 
     </span>
    </p>

    <p class='ocr_par' dir='ltr' id='par_1_9' title="bbox 261 1457 1550 1522">
     <span class='ocr_line' id='line_1_19' title="bbox 261 1457 1550 1522; baseline 0.001 -17"><span class='ocrx_word' id='word_1_120' title='bbox 261 1457 477 1506; x_wconf 86' lang='lat' dir='ltr'>Postera</span> <span class='ocrx_word' id='word_1_121' title='bbox 501 1463 783 1521; x_wconf 90' lang='lat' dir='ltr'>tempestas</span> <span class='ocrx_word' id='word_1_122' title='bbox 810 1460 1001 1519; x_wconf 88' lang='lat' dir='ltr'>melior,</span> <span class='ocrx_word' id='word_1_123' title='bbox 1030 1460 1116 1507; x_wconf 89' lang='lat' dir='ltr'>via</span> <span class='ocrx_word' id='word_1_124' title='bbox 1139 1462 1278 1522; x_wconf 88' lang='lat' dir='ltr'>pejor</span> <span class='ocrx_word' id='word_1_125' title='bbox 1302 1460 1366 1508; x_wconf 87' lang='lat' dir='ltr'>ad</span> <span class='ocrx_word' id='word_1_126' title='bbox 1390 1475 1550 1522; x_wconf 89' lang='lat' dir='ltr'>usque</span> 
     </span>
    </p>

    <p class='ocr_par' dir='ltr' id='par_1_10' title="bbox 260 1524 1501 1590">
     <span class='ocr_line' id='line_1_20' title="bbox 260 1524 1501 1590; baseline 0.002 -19"><span class='ocrx_word' id='word_1_127' title='bbox 260 1524 382 1572; x_wconf 84' lang='lat' dir='ltr'>Bari</span> <span class='ocrx_word' id='word_1_128' title='bbox 406 1526 607 1572; x_wconf 88' lang='lat' dir='ltr'>moenia</span> <span class='ocrx_word' id='word_1_129' title='bbox 629 1526 816 1588; x_wconf 89' lang='lat' dir='ltr'>piscosi</span> <span class='ocrx_word' id='word_1_130' title='bbox 839 1545 850 1588; x_wconf 89' lang='grc'><strong>;</strong></span> <span class='ocrx_word' id='word_1_131' title='bbox 889 1528 1006 1575; x_wconf 93' lang='lat' dir='ltr'>dein</span> <span class='ocrx_word' id='word_1_132' title='bbox 1033 1527 1224 1576; x_wconf 85' lang='lat' dir='ltr'>Gnatia</span> <span class='ocrx_word' id='word_1_133' title='bbox 1247 1526 1501 1590; x_wconf 83' lang='lat' dir='ltr'>Lymphis</span> 
     </span>
    </p>

    <p class='ocr_par' dir='ltr' id='par_1_11' title="bbox 260 1591 1406 1657">
     <span class='ocr_line' id='line_1_21' title="bbox 260 1591 1406 1657; baseline 0.002 -19"><span class='ocrx_word' id='word_1_134' title='bbox 260 1591 416 1639; x_wconf 88' lang='lat' dir='ltr'>Iratis</span> <span class='ocrx_word' id='word_1_135' title='bbox 439 1597 700 1640; x_wconf 83' lang='lat' dir='ltr'>exstructa</span> <span class='ocrx_word' id='word_1_136' title='bbox 724 1594 865 1641; x_wconf 91' lang='lat' dir='ltr'>dedit</span> <span class='ocrx_word' id='word_1_137' title='bbox 891 1594 1121 1657; x_wconf 88' lang='lat' dir='ltr'>risusque</span> <span class='ocrx_word' id='word_1_138' title='bbox 1147 1595 1406 1656; x_wconf 77' lang='lat' dir='ltr'>Jocosque‚</span> 
     </span>
    </p>

    <p class='ocr_par' dir='ltr' id='par_1_12' title="bbox 260 1655 1806 1790">
     <span class='ocr_line' id='line_1_22' title="bbox 260 1655 1806 1724; baseline 0.002 -19"><span class='ocrx_word' id='word_1_139' title='bbox 260 1658 396 1706; x_wconf 89' lang='lat' dir='ltr'>Dum</span> <span class='ocrx_word' id='word_1_140' title='bbox 423 1658 626 1707; x_wconf 88' lang='lat' dir='ltr'>flamma</span> <span class='ocrx_word' id='word_1_141' title='bbox 649 1661 757 1707; x_wconf 88' lang='lat' dir='ltr'>sine</span> <span class='ocrx_word' id='word_1_142' title='bbox 783 1666 899 1708; x_wconf 89' lang='lat' dir='ltr'>tura</span> <span class='ocrx_word' id='word_1_143' title='bbox 924 1662 1197 1724; x_wconf 89' lang='lat' dir='ltr'>liquescere</span> <span class='ocrx_word' id='word_1_144' title='bbox 1222 1661 1395 1708; x_wconf 89' lang='lat' dir='ltr'>limine</span> <span class='ocrx_word' id='word_1_145' title='bbox 1421 1675 1562 1708; x_wconf 88' lang='lat' dir='ltr'>sacro</span> <span class='ocrx_word' id='word_1_146' title='bbox 1745 1655 1806 1703; x_wconf 84' lang='grc'>95</span> 
     </span>
     <span class='ocr_line' id='line_1_23' title="bbox 260 1725 1496 1790; baseline 0.002 -18"><span class='ocrx_word' id='word_1_147' title='bbox 260 1725 574 1774; x_wconf 89' lang='lat' dir='ltr'>Persuadere</span> <span class='ocrx_word' id='word_1_148' title='bbox 600 1727 751 1790; x_wconf 88' lang='lat' dir='ltr'>cupit.</span> <span class='ocrx_word' id='word_1_149' title='bbox 827 1727 1015 1775; x_wconf 86' lang='lat' dir='ltr'>Credat</span> <span class='ocrx_word' id='word_1_150' title='bbox 1038 1727 1073 1775; x_wconf 86' lang='lat' dir='ltr'><strong>J</strong></span> <span class='ocrx_word' id='word_1_151' title='bbox 1078 1728 1273 1775; x_wconf 89' lang='lat' dir='ltr'>udaeus</span> <span class='ocrx_word' id='word_1_152' title='bbox 1299 1727 1496 1789; x_wconf 88' lang='lat' dir='ltr'>Apella,</span> 
     </span>
    </p>

    <p class='ocr_par' dir='ltr' id='par_1_13' title="bbox 259 1791 1756 1922">
     <span class='ocr_line' id='line_1_24' title="bbox 259 1791 1756 1857; baseline 0.001 -18"><span class='ocrx_word' id='word_1_153' title='bbox 259 1791 309 1839; x_wconf 91' lang='lat' dir='ltr'><strong>N</strong></span> <span class='ocrx_word' id='word_1_154' title='bbox 314 1808 379 1839; x_wconf 89' lang='lat' dir='ltr'>on</span> <span class='ocrx_word' id='word_1_155' title='bbox 403 1808 528 1855; x_wconf 91' lang='lat' dir='ltr'>ego:</span> <span class='ocrx_word' id='word_1_156' title='bbox 555 1809 771 1856; x_wconf 88' lang='lat' dir='ltr'>namque</span> <span class='ocrx_word' id='word_1_157' title='bbox 797 1795 920 1842; x_wconf 90' lang='lat' dir='ltr'>deos</span> <span class='ocrx_word' id='word_1_158' title='bbox 946 1795 1100 1842; x_wconf 86' lang='lat' dir='ltr'>didici</span> <span class='ocrx_word' id='word_1_159' title='bbox 1123 1809 1357 1842; x_wconf 86' lang='lat' dir='ltr'>securum</span> <span class='ocrx_word' id='word_1_160' title='bbox 1384 1809 1534 1857; x_wconf 86' lang='lat' dir='ltr'>agere</span> <span class='ocrx_word' id='word_1_161' title='bbox 1561 1809 1756 1852; x_wconf 71' lang='lat' dir='ltr'>aevum,</span> 
     </span>
     <span class='ocr_line' id='line_1_25' title="bbox 259 1858 1372 1922; baseline 0.002 -16"><span class='ocrx_word' id='word_1_162' title='bbox 259 1858 309 1906; x_wconf 84' lang='lat' dir='ltr'>N</span> <span class='ocrx_word' id='word_1_163' title='bbox 313 1875 382 1918; x_wconf 89' lang='lat' dir='ltr'>ec,</span> <span class='ocrx_word' id='word_1_164' title='bbox 411 1860 454 1907; x_wconf 89' lang='lat' dir='ltr'>si</span> <span class='ocrx_word' id='word_1_165' title='bbox 480 1861 603 1922; x_wconf 92' lang='lat' dir='ltr'>quid</span> <span class='ocrx_word' id='word_1_166' title='bbox 627 1861 743 1907; x_wconf 90' lang='lat' dir='ltr'>miri</span> <span class='ocrx_word' id='word_1_167' title='bbox 770 1861 924 1908; x_wconf 85' lang='lat' dir='ltr'>faciat</span> <span class='ocrx_word' id='word_1_168' title='bbox 949 1866 1145 1919; x_wconf 86' lang='lat' dir='ltr'>natura,</span> <span class='ocrx_word' id='word_1_169' title='bbox 1173 1861 1296 1909; x_wconf 89' lang='lat' dir='ltr'>deos</span> <span class='ocrx_word' id='word_1_170' title='bbox 1318 1861 1372 1910; x_wconf 83' lang='lat' dir='ltr'>id</span> 
     </span>
    </p>

    <p class='ocr_par' dir='ltr' id='par_1_14' title="bbox 261 1926 1282 1976">
     <span class='ocr_line' id='line_1_26' title="bbox 261 1926 1282 1976; baseline 0.004 -4"><span class='ocrx_word' id='word_1_171' title='bbox 261 1926 457 1973; x_wconf 88' lang='lat' dir='ltr'>Tristes</span> <span class='ocrx_word' id='word_1_172' title='bbox 477 1942 543 1974; x_wconf 87' lang='lat' dir='ltr'>ex</span> <span class='ocrx_word' id='word_1_173' title='bbox 567 1928 670 1974; x_wconf 89' lang='lat' dir='ltr'>alto</span> <span class='ocrx_word' id='word_1_174' title='bbox 695 1928 820 1975; x_wconf 90' lang='lat' dir='ltr'>caeli</span> <span class='ocrx_word' id='word_1_175' title='bbox 846 1929 1108 1976; x_wconf 91' lang='lat' dir='ltr'>demittere</span> <span class='ocrx_word' id='word_1_176' title='bbox 1132 1933 1282 1976; x_wconf 87' lang='lat' dir='ltr'>tect0.</span> 
     </span>
    </p>

    <p class='ocr_par' dir='ltr' id='par_1_15' title="bbox 259 1992 1806 2059">
     <span class='ocr_line' id='line_1_27' title="bbox 259 1992 1806 2059; baseline 0.001 -20"><span class='ocrx_word' id='word_1_177' title='bbox 259 1992 592 2041; x_wconf 91' lang='lat' dir='ltr'>Brundisium</span> <span class='ocrx_word' id='word_1_178' title='bbox 615 1994 799 2057; x_wconf 90' lang='lat' dir='ltr'>longae</span> <span class='ocrx_word' id='word_1_179' title='bbox 824 1995 938 2043; x_wconf 91' lang='lat' dir='ltr'>finis</span> <span class='ocrx_word' id='word_1_180' title='bbox 963 1995 1268 2059; x_wconf 88' lang='lat' dir='ltr'>chartaeque</span> <span class='ocrx_word' id='word_1_181' title='bbox 1294 1995 1506 2058; x_wconf 86' lang='lat' dir='ltr'>viaeque</span> <span class='ocrx_word' id='word_1_182' title='bbox 1531 1998 1622 2043; x_wconf 90' lang='lat' dir='ltr'>est.</span> <span class='ocrx_word' id='word_1_183' title='bbox 1711 1995 1806 2041; x_wconf 88' lang='grc'>100</span> 
     </span>
    </p>
   </div>
   <div class='ocr_carea' id='block_1_3' title="bbox 995 2160 1088 2208">
    <p class='ocr_par' dir='ltr' id='par_1_16' title="bbox 995 2160 1088 2208">
     <span class='ocr_line' id='line_1_28' title="bbox 995 2160 1088 2208; baseline -0.011 0"><span class='ocrx_word' id='word_1_184' title='bbox 995 2160 1088 2208; x_wconf 90' lang='lat' dir='ltr'>VI.</span> 
     </span>
    </p>
   </div>
   <div class='ocr_carea' id='block_1_4' title="bbox 260 2261 1800 2726">
    <p class='ocr_par' dir='ltr' id='par_1_17' title="bbox 260 2261 1682 2391">
     <span class='ocr_line' id='line_1_29' title="bbox 260 2261 1682 2325; baseline -0.002 -15"><span class='ocrx_word' id='word_1_185' title='bbox 260 2261 378 2310; x_wconf 89' lang='lat' dir='ltr'>Non</span> <span class='ocrx_word' id='word_1_186' title='bbox 403 2262 537 2325; x_wconf 89' lang='lat' dir='ltr'>quia,</span> <span class='ocrx_word' id='word_1_187' title='bbox 564 2261 852 2321; x_wconf 86' lang='lat' dir='ltr'>Maecenas,</span> <span class='ocrx_word' id='word_1_188' title='bbox 880 2261 1146 2325; x_wconf 85' lang='lat' dir='ltr'>Lydorum</span> <span class='ocrx_word' id='word_1_189' title='bbox 1171 2261 1410 2325; x_wconf 92' lang='lat' dir='ltr'>quicquid</span> <span class='ocrx_word' id='word_1_190' title='bbox 1435 2261 1682 2308; x_wconf 84' lang='lat' dir='ltr'>Etruscos</span> 
     </span>
     <span class='ocr_line' id='line_1_30' title="bbox 261 2329 1330 2391; baseline 0 -15"><span class='ocrx_word' id='word_1_191' title='bbox 261 2329 480 2376; x_wconf 87' lang='lat' dir='ltr'>Incoluit</span> <span class='ocrx_word' id='word_1_192' title='bbox 504 2329 642 2387; x_wconf 88' lang='lat' dir='ltr'>fines,</span> <span class='ocrx_word' id='word_1_193' title='bbox 669 2345 818 2376; x_wconf 93' lang='lat' dir='ltr'>nemo</span> <span class='ocrx_word' id='word_1_194' title='bbox 844 2330 1136 2391; x_wconf 85' lang='lat' dir='ltr'>generosior</span> <span class='ocrx_word' id='word_1_195' title='bbox 1160 2334 1240 2376; x_wconf 89' lang='lat' dir='ltr'>est</span> <span class='ocrx_word' id='word_1_196' title='bbox 1263 2333 1330 2386; x_wconf 88' lang='lat' dir='ltr'>te,</span> 
     </span>
    </p>

    <p class='ocr_par' dir='ltr' id='par_1_18' title="bbox 261 2395 1662 2525">
     <span class='ocr_line' id='line_1_31' title="bbox 261 2395 1662 2457; baseline -0.002 -15"><span class='ocrx_word' id='word_1_197' title='bbox 261 2395 370 2443; x_wconf 89' lang='lat' dir='ltr'>Nec</span> <span class='ocrx_word' id='word_1_198' title='bbox 397 2395 530 2457; x_wconf 92' lang='lat' dir='ltr'>quod</span> <span class='ocrx_word' id='word_1_199' title='bbox 556 2410 683 2442; x_wconf 87' lang='lat' dir='ltr'>avus</span> <span class='ocrx_word' id='word_1_200' title='bbox 708 2396 803 2443; x_wconf 91' lang='lat' dir='ltr'>tibi</span> <span class='ocrx_word' id='word_1_201' title='bbox 827 2401 1088 2443; x_wconf 88' lang='lat' dir='ltr'>maternus</span> <span class='ocrx_word' id='word_1_202' title='bbox 1113 2396 1210 2443; x_wconf 88' lang='lat' dir='ltr'>fuit</span> <span class='ocrx_word' id='word_1_203' title='bbox 1235 2400 1384 2457; x_wconf 86' lang='lat' dir='ltr'>atque</span> <span class='ocrx_word' id='word_1_204' title='bbox 1408 2399 1662 2457; x_wconf 89' lang='lat' dir='ltr'>paternus,</span> 
     </span>
     <span class='ocr_line' id='line_1_32' title="bbox 263 2462 1434 2525; baseline -0.001 -16"><span class='ocrx_word' id='word_1_205' title='bbox 263 2462 397 2510; x_wconf 91' lang='lat' dir='ltr'>Olim</span> <span class='ocrx_word' id='word_1_206' title='bbox 424 2463 509 2525; x_wconf 88' lang='lat' dir='ltr'>qui</span> <span class='ocrx_word' id='word_1_207' title='bbox 536 2463 735 2523; x_wconf 86' lang='lat' dir='ltr'>magnis</span> <span class='ocrx_word' id='word_1_208' title='bbox 761 2463 1048 2524; x_wconf 87' lang='lat' dir='ltr'>legionibus</span> <span class='ocrx_word' id='word_1_209' title='bbox 1074 2463 1434 2525; x_wconf 88' lang='lat' dir='ltr'>imperitarent,</span> 
     </span>
    </p>

    <p class='ocr_par' dir='ltr' id='par_1_19' title="bbox 260 2527 1800 2658">
     <span class='ocr_line' id='line_1_33' title="bbox 261 2527 1800 2592; baseline -0.002 -16"><span class='ocrx_word' id='word_1_210' title='bbox 261 2529 336 2576; x_wconf 88' lang='lat' dir='ltr'>Ut</span> <span class='ocrx_word' id='word_1_211' title='bbox 358 2529 579 2591; x_wconf 92' lang='lat' dir='ltr'>plerique</span> <span class='ocrx_word' id='word_1_212' title='bbox 609 2529 786 2587; x_wconf 85' lang='lat' dir='ltr'>solent,</span> <span class='ocrx_word' id='word_1_213' title='bbox 814 2545 940 2577; x_wconf 89' lang='lat' dir='ltr'>naso</span> <span class='ocrx_word' id='word_1_214' title='bbox 968 2530 1237 2592; x_wconf 91' lang='lat' dir='ltr'>suspendis</span> <span class='ocrx_word' id='word_1_215' title='bbox 1262 2529 1456 2575; x_wconf 87' lang='lat' dir='ltr'>adunco</span> <span class='ocrx_word' id='word_1_216' title='bbox 1770 2527 1800 2574; x_wconf 87' lang='lat'><strong>5</strong></span> 
     </span>
     <span class='ocr_line' id='line_1_34' title="bbox 260 2597 1318 2658; baseline 0 -15"><span class='ocrx_word' id='word_1_217' title='bbox 260 2597 489 2657; x_wconf 85' lang='lat' dir='ltr'>Ignotos,</span> <span class='ocrx_word' id='word_1_218' title='bbox 518 2601 574 2642; x_wconf 92' lang='lat' dir='ltr'>ut</span> <span class='ocrx_word' id='word_1_219' title='bbox 598 2612 677 2642; x_wconf 93' lang='lat' dir='ltr'>me</span> <span class='ocrx_word' id='word_1_220' title='bbox 703 2597 937 2643; x_wconf 89' lang='lat' dir='ltr'>libertino</span> <span class='ocrx_word' id='word_1_221' title='bbox 961 2603 1103 2658; x_wconf 89' lang='lat' dir='ltr'>patre</span> <span class='ocrx_word' id='word_1_222' title='bbox 1130 2600 1318 2643; x_wconf 87' lang='lat' dir='ltr'>natum.</span> 
     </span>
    </p>

    <p class='ocr_par' dir='ltr' id='par_1_20' title="bbox 262 2662 1515 2726">
     <span class='ocr_line' id='line_1_35' title="bbox 262 2662 1515 2726; baseline -0.002 -16"><span class='ocrx_word' id='word_1_223' title='bbox 262 2663 393 2710; x_wconf 93' lang='lat' dir='ltr'>Cum</span> <span class='ocrx_word' id='word_1_224' title='bbox 418 2662 600 2709; x_wconf 88' lang='lat' dir='ltr'>referre</span> <span class='ocrx_word' id='word_1_225' title='bbox 628 2678 788 2724; x_wconf 88' lang='lat' dir='ltr'>negas</span> <span class='ocrx_word' id='word_1_226' title='bbox 812 2664 949 2725; x_wconf 86' lang='lat' dir='ltr'>quali</span> <span class='ocrx_word' id='word_1_227' title='bbox 975 2664 1043 2710; x_wconf 90' lang='lat' dir='ltr'>sit</span> <span class='ocrx_word' id='word_1_228' title='bbox 1068 2664 1279 2726; x_wconf 92' lang='lat' dir='ltr'>quisque</span> <span class='ocrx_word' id='word_1_229' title='bbox 1304 2666 1515 2724; x_wconf 89' lang='lat' dir='ltr'>parente</span> 
     </span>
    </p>
   </div>
   <div class='ocr_carea' id='block_1_5' title="bbox 310 2776 1755 2929">
    <p class='ocr_par' dir='ltr' id='par_1_21' title="bbox 310 2776 1755 2929">
     <span class='ocr_line' id='line_1_36' title="bbox 310 2776 1755 2817; baseline -0.003 0"><span class='ocrx_word' id='word_1_230' title='bbox 310 2778 356 2817; x_wconf 75' lang='lat'>75</span> <span class='ocrx_word' id='word_1_231' title='bbox 376 2791 539 2815; x_wconf 83' lang='lat' dir='ltr'>caenam</span> <span class='ocrx_word' id='word_1_232' title='bbox 594 2781 640 2815; x_wconf 87' lang='lat'>82</span> <span class='ocrx_word' id='word_1_233' title='bbox 659 2781 765 2816; x_wconf 87' lang='lat' dir='ltr'>redis</span> <span class='ocrx_word' id='word_1_234' title='bbox 820 2781 865 2816; x_wconf 89' lang='lat'>89</span> <span class='ocrx_word' id='word_1_235' title='bbox 885 2780 951 2816; x_wconf 86' lang='lat' dir='ltr'>hic</span> <span class='ocrx_word' id='word_1_236' title='bbox 1006 2781 1051 2816; x_wconf 88' lang='grc'>89</span> <span class='ocrx_word' id='word_1_237' title='bbox 1073 2780 1255 2816; x_wconf 76' lang='lat' dir='ltr'>discessit</span> <span class='ocrx_word' id='word_1_238' title='bbox 1308 2780 1354 2814; x_wconf 87' lang='lat'>93</span> <span class='ocrx_word' id='word_1_239' title='bbox 1375 2778 1491 2814; x_wconf 83' lang='lat' dir='ltr'>Barri</span> <span class='ocrx_word' id='word_1_240' title='bbox 1545 2778 1591 2813; x_wconf 90' lang='lat'>93</span> <span class='ocrx_word' id='word_1_241' title='bbox 1611 2776 1755 2813; x_wconf 79' lang='lat' dir='ltr'>dehine</span> 
     </span>
     <span class='ocr_line' id='line_1_37' title="bbox 372 2828 1700 2880; baseline -0.003 -14"><span class='ocrx_word' id='word_1_242' title='bbox 372 2831 419 2866; x_wconf 85' lang='lat'>93</span> <span class='ocrx_word' id='word_1_243' title='bbox 439 2830 641 2880; x_wconf 84' lang='lat' dir='ltr'>Nymphis</span> <span class='ocrx_word' id='word_1_244' title='bbox 720 2831 767 2866; x_wconf 88' lang='lat'>95</span> <span class='ocrx_word' id='word_1_245' title='bbox 788 2831 909 2866; x_wconf 84' lang='lat' dir='ltr'>thura</span> <span class='ocrx_word' id='word_1_246' title='bbox 986 2831 1034 2866; x_wconf 85' lang='lat'>98</span> <span class='ocrx_word' id='word_1_247' title='bbox 1053 2831 1257 2866; x_wconf 86' lang='lat' dir='ltr'>mirificiat</span> <span class='ocrx_word' id='word_1_248' title='bbox 1335 2830 1406 2864; x_wconf 89' lang='grc'>100</span> <span class='ocrx_word' id='word_1_249' title='bbox 1427 2828 1700 2864; x_wconf 87' lang='lat' dir='ltr'>Brundusium</span> 
     </span>
     <span class='ocr_line' id='line_1_38' title="bbox 586 2880 1457 2929; baseline -0.002 -13"><span class='ocrx_word' id='word_1_250' title='bbox 586 2881 609 2916; x_wconf 88' lang='lat'><strong>4</strong></span> <span class='ocrx_word' id='word_1_251' title='bbox 628 2881 900 2929; x_wconf 87' lang='lat' dir='ltr'>imperitarint</span> <span class='ocrx_word' id='word_1_252' title='bbox 1003 2883 1024 2916; x_wconf 85' lang='lat'>5</span> <span class='ocrx_word' id='word_1_253' title='bbox 1044 2884 1160 2916; x_wconf 82' lang='lat' dir='ltr'>acuto</span> <span class='ocrx_word' id='word_1_254' title='bbox 1265 2880 1287 2915; x_wconf 88' lang='lat'>6</span> <span class='ocrx_word' id='word_1_255' title='bbox 1306 2882 1376 2915; x_wconf 81' lang='lat' dir='ltr'>aut</span> <span class='ocrx_word' id='word_1_256' title='bbox 1394 2890 1457 2914; x_wconf 83' lang='lat' dir='ltr'>me</span> 
     </span>
    </p>
   </div>
  </div>
 </body>
</html>
