1878 3054
260 165 362 217 186
716 176 956 216 ΗΟΒΑΤῙ
999 176 1368 218 εΑΤῙΒΑΒνΜ

259 313 288 334 “
306 308 437 357 Duci
464 313 637 356 ventre
661 309 840 367 levem,
868 324 1051 357 nasum
1075 309 1249 356 nidore
1275 309 1498 372 supinor,

259 376 564 433 Imbecillus,
593 377 740 433 iners,
769 376 812 422 si
838 377 960 438 quid
986 376 1080 433 viS,
1109 376 1252 434 adde,
1278 377 1478 438 popino.

259 442 351 500 Tu,
378 458 493 490 cum
520 443 590 490 sis
618 443 753 504 quod
779 458 875 504 ego
900 448 952 490 et
978 442 1212 489 fortassis
1236 443 1462 504 nequior,
1488 444 1622 490 ultro
1753 445 1812 490 40

259 509 512 557 Insectere
538 510 679 556 velut
703 509 895 567 melior,
923 509 1189 571 verbisque
1215 509 1408 556 decoris

262 575 525 624 Obvolvas
550 575 768 623 vitium?
790 578 816 602 ''
889 575 1038 636 Quid,
1066 575 1110 622 si
1135 591 1215 623 me
1241 576 1446 623 stultior
1470 576 1581 638 ipso

262 642 569 704 Quingentis
594 647 764 704 empto
790 642 1046 690 drachmis
1073 641 1436 704 deprenderis?
1507 642 1672 690 Aufer

261 709 347 756 Me
374 709 515 756 voltu
539 714 755 770 terrere3
794 724 1000 756 manum
1027 709 1446 772 stomachumque
1469 714 1690 767 teneto,

261 776 399 823 Dum
424 792 552 838 quae
582 776 802 838 Crispini
827 776 1001 823 docuit
1026 791 1105 823 me
1123 776 1318 837 janitor
1341 776 1449 823 edo.
1756 777 1816 823 45

333 843 404 889 Te
430 844 649 904 conjunx
674 843 842 890 aliena
865 843 1017 904 capit,
1044 843 1366 890 meretricula
1392 843 1610 890 Davum.

261 908 340 957 Tu
364 925 478 956 cum
502 910 738 971 projectis
765 909 1066 971 insignibus,
1095 910 1245 957 anulo
1270 910 1498 973 equestri

263 977 596 1038 Romanoque
624 976 815 1034 habitu,
843 976 1017 1038 prodis
1041 991 1102 1023 ex
1120 976 1289 1037 judice
1317 977 1483 1024 Dama

262 1043 463 1104 Turpis,
492 1043 759 1090 odoratum
784 1049 938 1105 caput
962 1043 1264 1090 obscurante
1289 1043 1502 1102 lacerna,

263 1108 380 1156 Non
405 1125 459 1156 es
485 1110 618 1172 quod
644 1108 890 1157 simulas?
963 1109 1202 1156 Metuens
1227 1110 1495 1169 induceris,
1523 1115 1675 1171 atque
1759 1109 1820 1155 50

263 1176 560 1224 Altercante
586 1177 882 1223 libidinibus
906 1176 1082 1223 tremis
1107 1191 1226 1224 ossa
1250 1192 1452 1239 pavore.

266 1243 399 1303 Quid
424 1244 589 1301 refert,
612 1243 691 1289 uri
716 1243 876 1305 virgis
901 1242 1127 1305 ferroque
1151 1243 1319 1291 necari

263 1311 580 1358 Auctoratus
605 1324 706 1368 eas,
735 1325 799 1356 an
823 1310 959 1372 turpi
986 1310 1190 1357 clausus
1214 1310 1267 1357 in
1292 1324 1421 1369 arca,

266 1376 377 1437 Quo
401 1381 451 1424 te
479 1377 686 1424 demisit
711 1377 906 1439 peccati
930 1377 1133 1424 conscia
1157 1377 1346 1436 herilis,

267 1443 595 1491 Contractum
624 1444 839 1506 genibus
863 1448 1050 1505 tangas
1074 1442 1264 1506 caput?
1336 1444 1496 1492 Estne
1522 1444 1702 1492 marito
1759 1443 1821 1490 55

263 1509 532 1557 Matronae
557 1511 813 1572 peccantis
838 1510 890 1556 in
915 1510 1064 1557 ambo
1081 1512 1224 1572 justa
1245 1509 1514 1573 potestas?

265 1576 396 1626 Cum
420 1582 470 1625 te
495 1577 732 1624 formidet
755 1577 936 1624 mulier
959 1592 1119 1639 neque
1146 1577 1317 1624 credat
1343 1578 1552 1636 amanti,

263 1643 369 1691 Ibis
395 1644 489 1691 sub
515 1644 707 1691 furcam
731 1644 969 1706 prudens,
997 1644 1301 1706 dominoque
1325 1644 1514 1691 furenti

268 1709 570 1758 Committes
590 1726 696 1758 rem
716 1725 916 1757 omnem
936 1715 988 1758 et
1005 1711 1170 1758 vitam
1188 1716 1240 1758 et
1259 1726 1372 1758 cum
1392 1724 1597 1774 corpore
1619 1711 1820 1758 famam.
1860 1738 1864 1743 ·

264 1776 447 1824 Evasti
467 1795 479 1825 ε
518 1778 664 1825 credo
689 1782 887 1825 metues
911 1778 1192 1840 doctusque
1219 1777 1448 1826 cavebis:
1765 1778 1825 1823 60

265 1844 488 1904 Quaeres
513 1845 716 1906 quando
742 1844 926 1891 iterum
949 1859 1155 1907 paveas,
1183 1844 1466 1907 iterumque
1490 1845 1655 1907 perire

264 1909 452 1968 Possis,
478 1926 509 1957 o
534 1911 719 1958 totiens
744 1909 950 1958 servus!
991 1911 1134 1971 Quae
1160 1911 1310 1958 belua
1332 1911 1512 1973 ruptis,

265 1976 396 2024 Cum
422 1978 577 2024 semel
600 1978 790 2039 effugit,
818 1977 987 2024 reddit
1004 1993 1065 2024 se
1084 1992 1245 2039 prava
1268 1975 1497 2025 catenis?

263 2047 291 2067 “
311 2042 431 2090 Non
467 2059 578 2093 sum
620 2044 911 2103 moechus,''
948 2044 1038 2092 ais.
1111 2043 1292 2107 Neque
1328 2059 1438 2106 ego,
1476 2043 1691 2102 hercule,
1729 2044 1822 2101 fur,

462 2111 550 2157 ubi
575 2126 701 2158 vasa

263 2175 536 2224 Praetereo
561 2178 765 2239 sapiens
791 2181 1046 2238 argentea.
1119 2177 1260 2225 Tolle
1284 2177 1543 2240 periclum,
1764 2180 1824 2227 65

260 2242 296 2290 J
301 2258 384 2289 am
410 2259 544 2304 vaga
570 2244 798 2305 prosiliet
822 2245 976 2291 frenis
1002 2249 1184 2291 natura
1208 2245 1430 2292 remotis.

262 2308 404 2356 Tune
430 2310 557 2356 mihi
582 2311 832 2368 dominus,
861 2325 1028 2357 rerum
1051 2311 1275 2373 imperiis
1300 2310 1662 2372 hominumque

262 2375 360 2422 Tot
384 2377 640 2437 tantisque
667 2378 842 2435 minor,
870 2392 1018 2438 quem
1045 2382 1122 2423 ter
1149 2377 1375 2428 vindicta
1398 2381 1675 2439 quaterque

260 2441 510 2504 Imposita
536 2443 671 2490 haud
697 2458 939 2505 umquam
963 2444 1149 2490 misera
1174 2443 1441 2490 formidine
1467 2441 1672 2505 privet?

261 2507 410 2555 Adde
438 2523 602 2571 super,
629 2509 779 2556 dietis
805 2510 940 2585 quod
965 2525 1067 2556 non
1092 2509 1255 2557 levius
1284 2510 1479 2557 valeat.
1517 2525 1651 2567 nam,
1761 2509 1822 2560 70

264 2573 382 2621 Sive
409 2575 627 2621 vicarius
651 2579 731 2622 est
755 2576 842 2636 qui
869 2590 1016 2622 servo
1043 2580 1199 2638 paret,
1228 2576 1303 2623 uti
1328 2590 1439 2623 mos

261 2638 448 2687 Vester
472 2642 556 2698 ait,
584 2657 674 2688 seu
700 2656 988 2698 conservuS,
1008 2642 1106 2688 tibi
1131 2642 1253 2718 quid
1278 2657 1390 2688 sum
1417 2657 1542 2703 ego
1530 2639 1551 2677 ¹?
1623 2641 1820 2703 Nempe

261 2706 353 2765 Tu,
381 2707 506 2753 mihi
531 2708 616 2769 qui
638 2708 914 2769 imperitas,
944 2708 1030 2754 alii
1056 2708 1217 2755 servis
1242 2709 1410 2767 miser,
1440 2713 1594 2770 atque
1834 2719 1839 2726 ·

260 2832 308 2868 42
328 2831 415 2880 ipse
488 2830 536 2869 47
557 2832 705 2868 annulo
780 2832 826 2867 56
847 2831 983 2867 ambos
1059 2831 1105 2867 60
1127 2831 1265 2867 doetus
1283 2834 1543 2881 metuensque
1619 2832 1666 2868 ⁶9
1685 2831 1819 2881 privat

312 2881 357 2918 70
378 2882 619 2930 supradietis
675 2881 720 2920 70
742 2881 982 2929 dietinyzmnt
1000 2882 1078 2917 alii
1096 2893 1216 2930 super
1234 2882 1365 2927 dictis,
1420 2881 1466 2919 72
1486 2882 1573 2928 agit
1626 2881 1672 2918 73
1691 2881 1782 2916 aliis
