1878 3054
272 172 377 226 100

731 184 972 224 HORA'PI
1015 180 1359 229 CARMINVM

471 317 645 365 Instar
670 317 803 364 veris
828 317 963 364 enim
990 316 1157 363 voltus
1182 313 1269 361 ubi
1293 318 1417 361 tuus

472 383 683 432 Affulsit
716 384 915 446 populo,
953 383 1143 444 gratior
1176 382 1220 428 it
1255 380 1364 428 dies

607 451 677 498 Et
713 451 845 498 soles
882 450 1062 496 melius
1098 449 1273 495 nitent.
1553 472 1686 523 ηιμ,

472 517 547 565 Ut
572 523 734 564 mater
761 519 1016 578 juvenem,
1045 529 1194 578 quem
1222 513 1392 561 Notus
1416 475 1592 561 invido

472 585 626 633 Flatu
653 583 913 649 Carpathii
940 589 1083 630 trans
1109 581 1266 629 maris
1291 594 1512 643 aequora
1756 584 1814 630 10

474 632 812 713 Cufflz'tan'tem
838 650 1005 712 spatio
1030 649 1233 711 longius
1259 661 1426 695 annuo

606 715 754 766 Dulci
791 717 1002 765 distinet
1038 732 1068 764 a
1103 716 1269 774 domO,

471 786 624 833 Votis
650 785 1002 846 ominibusque
1029 789 1081 831 et
1104 782 1336 846 precibus
1361 784 1524 839 vocat,

471 852 640 901 Curvo
668 867 756 899 nec
782 852 960 898 faciem
988 851 1135 898 litore
1161 849 1420 905 dimovet:

472 919 556 967 Sic
594 919 859 966 desideriis
896 919 997 965 icta
1040 917 1272 964 fidelibus
1758 917 1816 962 15

604 985 815 1047 Quaerit
849 984 1018 1047 patria
1061 984 1345 1033 Caesarem.

471 1052 636 1100 Tutus
661 1054 752 1100 bos
778 1053 965 1100 etenim
997 1066 1116 1098 rura
1139 1049 1476 1114 perambulat,

467 1119 644 1167 Nutrit
669 1134 786 1166 rura
813 1119 968 1167 Ceres
1001 1119 1235 1181 almaque
1263 1117 1543 1175 Faustitas,

468 1187 716 1235 Pacatum
745 1187 963 1234 volitant
993 1200 1084 1247 per
1108 1199 1247 1232 mare
1275 1183 1494 1243 navitae,

604 1254 810 1316 Culpari
851 1253 1038 1300 metuit
1078 1252 1244 1309 Fides,
1761 1251 1821 1297 20

466 1319 637 1367 Nullis
664 1321 910 1382 polluitur
937 1325 1082 1366 casta
1108 1319 1290 1366 domus
1317 1317 1525 1380 stupriS,

468 1387 586 1435 Mos
611 1393 662 1435 et
687 1388 768 1434 lex
795 1387 1115 1433 maculosum
1142 1385 1371 1451 edomuit
1395 1384 1554 1443 nefaS,

467 1454 770 1502 Laudantur
794 1453 947 1500 simili
974 1453 1113 1515 prole
1138 1443 1428 1514 puerperae,

634 1521 848 1583 Culpam
875 1535 1041 1583 poena
1063 1519 1250 1582 premit
1274 1532 1456 1566 comes,

466 1587 592 1649 Quis
619 1587 865 1635 Parthum
893 1592 1098 1648 paveat,
1116 1586 1228 1648 quis
1253 1585 1478 1647 gelidum
1500 1582 1740 1646 Scythen,
1769 1582 1829 1629 25

469 1655 596 1715 Quis
623 1654 895 1703 Germania
921 1668 1050 1716 quos
1077 1653 1281 1700 horrida
1304 1651 1518 1715 parturit

467 1720 641 1777 Fetus,
669 1721 902 1768 incolumi
931 1718 1190 1768 Caesare?
1226 1719 1341 1782 quis
1363 1718 1499 1765 ferae

600 1788 799 1835 Bellum
825 1793 967 1835 curet
997 1784 1276 1834 Hiberiae?

469 1853 657 1902 Condit
680 1855 893 1917 quisque
921 1853 1055 1902 diem
1084 1852 1297 1902 collibus
1321 1853 1373 1900 in
1397 1851 1519 1911 suiS,

468 1921 539 1968 Et
564 1923 719 1969 vitem
747 1922 930 1968 viduas
958 1921 1099 1968 ducit
1124 1921 1189 1968 ad
1214 1921 1449 1979 arbores3
1776 1916 1835 1963 30

470 1988 608 2036 Hinc
635 1989 698 2035 ad
728 1989 847 2035 vina
875 1988 1023 2044 redit,
1050 1988 1214 2035 laetus
1237 1993 1289 2034 et
1314 1986 1488 2034 alteris

605 2055 675 2101 Te
702 2056 890 2102 mensis
919 2055 1127 2102 adhibet
1150 2055 1332 2114 deum;

471 2120 543 2168 Te
568 2122 731 2168 multa
754 2136 915 2184 prece,
945 2127 996 2168 te
1021 2121 1342 2183 prosequitur
1364 2133 1503 2166 mero

473 2187 666 2234 Defuso
690 2189 894 2249 pateris,
924 2193 973 2234 et
1002 2187 1219 2234 Laribus
1255 2192 1400 2234 tuum

472 2253 658 2301 Miscet
681 2270 881 2312 numen,
910 2255 985 2300 uti
1012 2254 1239 2311 Graecia,
1268 2252 1496 2300 Castoris
1782 2249 1838 2295 35

607 2321 676 2368 Et
699 2321 872 2382 magni
898 2335 1090 2367 memor
1115 2319 1363 2367 Herculis.

430 2389 460 2412 ‘⁴
477 2387 688 2448 Longas
713 2402 742 2434 o
768 2389 980 2444 utinam,
1009 2388 1112 2434 dux
1136 2387 1278 2443 bone,
1305 2384 1456 2432 ferias

475 2453 716 2501 Praestes
738 2454 1016 2517 Hesperiae
1035 2453 1046 2501 1
1067 2456 1094 2480 ''
1118 2453 1332 2501 dicimus
1355 2452 1558 2512 integro

476 2519 607 2568 Sicci
633 2535 778 2567 mane
805 2521 900 2578 die,
927 2521 1141 2567 dicimus
1166 2519 1323 2577 uvidi,

612 2586 739 2635 Cum
766 2587 841 2634 sol
870 2587 1072 2635 Oceano
1098 2587 1285 2634 subest.
1784 2580 1842 2624 40

326 2724 351 2762 6
368 2726 505 2762 vultus
600 2726 624 2765 7
644 2726 793 2763 effulsit
888 2727 937 2762 14
955 2727 1141 2764 demovet
1238 2725 1284 2761 18
1304 2725 1510 2761 nutritura
1603 2722 1651 2759 31
1670 2721 1784 2759 venit

725 2777 776 2812 34
793 2776 858 2813 <iifl
868 2787 937 2813 uso
1239 2775 1286 2813 37
1311 2785 1384 2811 rex
