1846 3034
171 187 277 238 232
589 195 846 236 HORA'PI'
871 196 1318 236 EPISTVLARVM

173 332 403 379 Proferet
427 332 479 378 in
504 331 667 378 lucem
692 331 922 393 speciosa
945 328 1192 376 vocabula
1214 344 1396 387 rerum,

174 400 316 459 Quae
341 399 524 461 priscis
551 403 829 445 memorata
856 397 1138 451 Catonibus
1163 391 1315 458 atque
1343 395 1585 457 Cethegis

171 465 320 513 Nunc
348 467 478 512 situs
504 466 735 512 informis
760 464 945 526 premit
969 468 1019 510 et
1045 464 1246 510 deserta
1269 468 1530 523 vetustas3

171 532 442 580 Adsciscet
466 547 613 590 nova,
643 547 770 593 quae
798 531 997 592 genitor
1020 529 1315 592 produxerit
1341 544 1478 577 usus.

172 599 398 647 Vemens
424 604 475 646 et
501 599 723 661 liquidus
747 613 974 660 puroque
1001 596 1290 644 simillimus
1316 597 1454 643 amni
1526 621 1532 624 ·
1641 597 1733 643 120

172 667 372 715 Fundet
398 681 518 729 opes
546 666 853 727 Latiumque
881 664 1053 711 beabit
1078 664 1236 710 divite
1262 663 1466 725 lingua;

172 734 509 782 Luxuriantia
534 737 834 794 compescet,
864 732 1018 778 nimis
1045 745 1225 793 aspera
1250 745 1373 777 sano

173 801 388 848 Levabit
414 801 567 858 cultu,
596 801 786 847 virtute
815 799 1039 846 carentia
1062 798 1220 856 tollet,

173 867 424 914 Ludentis
451 868 671 929 speciem
698 867 841 913 dabit
867 871 918 913 et
943 865 1274 927 torquebitur,
1301 869 1358 911 ut
1381 863 1468 927 qui

171 934 319 982 Nunc
347 934 601 996 Satyrum,
625 949 756 980 nunc
785 938 1039 994 agrestem
1067 931 1294 994 Cyclopa
1318 936 1564 979 movetur.
1642 931 1735 977 125

173 1001 506 1048 Praetulerim
533 1002 745 1063 scriptor
772 1000 960 1047 delirus
987 1000 1221 1060 inersque
1247 998 1422 1056 videri,

171 1069 307 1116 Dum
334 1083 446 1115 mea
471 1069 720 1116 delectent
746 1068 883 1114 mala
911 1082 989 1113 me
1016 1066 1094 1112 vel
1121 1065 1335 1127 denique
1362 1065 1554 1121 fallant,

174 1137 338 1196 Quam
365 1150 540 1198 sapere
566 1141 617 1182 et
642 1133 814 1195 ringi?
891 1134 1014 1180 Fuit
1040 1133 1175 1180 haud
1201 1132 1440 1194 ignobilis
1465 1130 1640 1193 Argis,

174 1203 272 1263 Qui
299 1218 351 1249 se
377 1203 615 1249 credebat
640 1203 798 1248 miros
828 1201 1001 1248 audire
1027 1199 1314 1262 tragoedos,

171 1269 234 1317 In
260 1285 419 1317 vacuo
445 1270 609 1316 laetus
635 1283 800 1317 sessor
825 1268 1131 1330 plausorque
1157 1266 1385 1327 theatro;
1642 1267 1735 1313 130

173 1337 356 1385 Cetera
382 1337 466 1398 qui
493 1337 630 1383 vitae
658 1339 885 1382 servaret
913 1335 1086 1381 munia
1110 1339 1246 1381 recto

172 1403 330 1462 More,
359 1404 522 1450 bonus
549 1418 668 1450 sane
698 1402 909 1459 vicinus,
941 1401 1175 1448 amabilis
1201 1400 1399 1462 hospeS,

174 1470 347 1519 Comis
373 1471 425 1517 in
449 1485 670 1526 uxorem,
699 1474 875 1531 posset
904 1468 989 1530 qui
1015 1469 1274 1529 ignoscere
1301 1466 1463 1514 servis

171 1537 242 1584 Et
267 1538 412 1599 signo
437 1538 573 1584 laeso
600 1552 700 1584 non
728 1535 951 1582 insanire
978 1535 1204 1597 lagenae,

173 1604 358 1652 Posset
382 1605 467 1667 qui
493 1619 669 1665 rupem
694 1607 747 1650 et
773 1607 983 1664 puteum
1010 1603 1172 1649 vitare
1197 1604 1471 1662 patentem.
1640 1601 1735 1648 135·

174 1670 276 1718 Hic
305 1671 389 1718 ubi
415 1676 748 1732 cognatorum
777 1670 957 1731 opibus
983 1668 1213 1730 curisque
1239 1668 1455 1714 refectus

172 1737 384 1800 Expulit
408 1739 625 1785 elleboro
652 1737 885 1783 morbum
911 1736 1162 1797 bilemque
1187 1749 1399 1791 meraco,

172 1804 242 1851 Et
266 1805 397 1852 redit
423 1805 487 1852 ad
514 1819 638 1861 sese,
668 1809 695 1831 ‘⁴
716 1804 824 1861 Pol,
852 1819 932 1850 me
959 1802 1228 1860 occidistis,
1256 1800 1416 1858 amici,

172 1870 289 1918 Non
316 1873 607 1929 servastis,⁷'
635 1871 720 1929 ait,
750 1871 874 1917 “cui
901 1871 972 1917 sic
998 1874 1197 1916 extorta
1222 1867 1457 1929 voluptas

173 1938 243 1985 Et
268 1939 502 2002 demptus
527 1953 616 2001 per
641 1939 746 1985 vim
772 1937 956 1984 mentis
982 1935 1305 1999 gratissimus
1329 1935 1513 1981 error.'’
1639 1935 1732 1982 140

240 2072 496 2119 Nimirum
523 2087 696 2134 sapere
723 2075 800 2118 est
827 2070 1035 2133 abJectis
1059 2069 1182 2116 utile
1207 2068 1373 2130 nugis,

173 2137 243 2185 Et
267 2140 630 2201 tempestivum
654 2139 825 2200 pueris
851 2138 1121 2185 concedere
1146 2136 1334 2192 ludum,

173 2202 252 2253 Ac
279 2221 379 2253 non
405 2207 561 2253 verba
585 2206 727 2266 sequi
754 2205 939 2252 fidibus
965 2203 1272 2250 modulanda
1297 2201 1511 2258 Latinis,

174 2271 274 2320 Sed
298 2289 446 2320 verae
474 2287 809 2334 numerosque
837 2272 1113 2332 modosque
1139 2269 1361 2316 ediscere
1386 2269 1536 2315 vitae.

175 2339 419 2399 Quocirca
443 2354 639 2387 mecum
667 2339 845 2401 loquor
870 2339 992 2386 haec
1018 2337 1305 2398 tacitusque
1329 2335 1592 2382 recordor:
1632 2335 1726 2382 145

174 2405 274 2453 “Si
298 2407 390 2453 tibi
415 2407 555 2453 nulla
582 2406 721 2453 sitim
748 2406 912 2453 finiret
937 2406 1080 2467 copia
1103 2403 1356 2466 lymphae,

171 2471 418 2520 Narrares
443 2473 680 2533 medicis;
720 2474 853 2534 quod
879 2477 1069 2534 quanto
1094 2471 1239 2532 plura
1261 2468 1455 2530 parasti

172 2538 335 2587 Tanto
360 2541 507 2603 plura
533 2541 686 2602 cupis,
714 2540 903 2586 nulline
930 2538 1134 2585 faterier
1159 2534 1352 2583 audes?

173 2605 228 2652 Si
255 2608 434 2654 volnus
458 2607 549 2654 tibi
576 2611 859 2653 monstrata
882 2606 1049 2653 radice
1077 2604 1157 2651 vel
1182 2603 1338 2650 herba

169 2671 284 2719 Non
313 2674 451 2720 fieret
475 2674 653 2730 levius,
682 2674 883 2734 fugeres
907 2673 1075 2719 radice
1100 2670 1182 2717 vel
1207 2669 1361 2716 herba
1634 2668 1724 2714 150

170 2738 467 2788 Proficiente
494 2740 620 2787 nihil
647 2740 895 2800 curarier3
933 2739 1183 2795 audieras,
1211 2736 1292 2783 cui

454 2867 524 2902 120
545 2853 775 2902 vehemens*
911 2865 982 2902 137
1001 2864 1201 2900 helleboro
1355 2861 1426 2897 139
1447 2861 1500 2896 sit
