1878 3054
18 0 106 191 ἶ
715 144 839 184 mn.
877 144 947 186 11.
985 135 1022 183 4
1555 135 1667 191 177*

90 275 386 326 Surrentina
409 275 551 325 vafer
574 276 661 340 qui
684 277 865 325 miscet
890 278 1025 326 faece
1052 279 1274 329 Falerna
1592 278 1655 324 55

20 348 35 393 -ἶ
89 343 240 402 Vina,
266 344 555 393 columbino
579 345 761 392 limum
787 346 915 393 bene
942 346 1140 409 colligit
1164 363 1277 407 ονο,

20 423 22 427 ·
91 411 357 473 Quatenus
381 411 486 459 ima
507 412 641 475 petit
665 412 877 460 volvens
905 414 1073 462 aliena
1098 415 1320 463 vitellus.

89 478 262 527 Testis
284 484 593 527 marcentem
621 479 819 541 squillis
845 482 1095 529 recreabis
1120 487 1171 530 et
1198 484 1330 530 Afra

90 545 329 595 Potorem
352 546 591 600 cochlea:
628 562 750 594 nam
775 547 974 596 lactuca
999 549 1200 598 innatat
1225 551 1325 598 acri

90 613 218 662 Post
240 613 419 661 vinum
445 614 712 662 stomacho
733 632 745 676 3
770 630 928 678 perna
951 617 1119 679 magis
1145 632 1203 665 ac
1228 618 1394 680 magis
1419 617 1564 667 hillis
1593 613 1655 660 60

7 727 9 730 .
90 680 319 744 Flagitat
344 681 620 729 immorsus
646 681 811 743 refici3
848 683 972 745 quin
998 685 1170 731 omnia
1195 685 1353 744 malit,

90 748 447 812 Quaecumque
471 749 752 796 immundis
778 750 975 798 fervent
1001 751 1158 799 allata
1182 752 1396 815 popinis.

89 814 186 864 Est
209 830 390 878 operae
415 817 637 880 pretium
666 817 884 880 duplicis
908 833 1205 880 pernoscere
1233 820 1365 882 juris

89 881 353 932 Naturam.
425 883 653 948 Simplex
676 900 703 933 e
730 885 865 933 dulci
890 891 1094 934 constat
1120 887 1269 946 olivo,

90 949 236 1011 Quod
258 951 436 1015 pingui
461 953 671 1000 miscere
698 968 837 1001 mero
862 954 1127 1017 muriaque
1153 954 1366 1015 decebit,
1591 949 1652 996 65

88 1015 206 1067 Non
228 1018 328 1066 alia
349 1035 503 1083 quam
526 1035 629 1083 qua
655 1019 911 1083 Byzantia
935 1022 1106 1084 putuit
1130 1037 1260 1070 orca.

90 1083 204 1134 Hoc
226 1086 312 1134 ubi
336 1087 603 1135 confusum
632 1089 786 1135 sectis
811 1088 1057 1135 inferbuit
1082 1089 1251 1137 herbis

90 1151 406 1217 Corycioque
431 1170 575 1203 croco
602 1170 837 1219 sparsum
866 1156 1024 1215 stetit,
1052 1156 1263 1220 insuper
1288 1157 1446 1205 addes

90 1219 275 1270 Pressa
298 1221 622 1270 Venafranae
647 1223 783 1286 quod
807 1224 934 1271 baca
958 1224 1156 1272 remisit
1181 1225 1360 1273 olivae.

89 1288 290 1338 Picenis
314 1289 501 1338 cedunt
524 1291 692 1353 pomis
718 1291 954 1339 Tiburtia
980 1306 1100 1340 suco
1120 1309 1132 1354 ;
1591 1285 1651 1336 70

88 1355 223 1405 Nam
247 1356 373 1405 facie
397 1362 676 1421 praestant.
749 1357 1018 1406 Venucula
1043 1359 1282 1408 convenit
1306 1359 1450 1421 ollis;

88 1422 303 1472 Rectius
328 1425 585 1473 Albanam
611 1426 751 1474 fumo
778 1426 1044 1474 duraveris
1070 1442 1237 1475 uvam.

90 1489 238 1541 Hanc
260 1507 357 1555 ego
382 1508 495 1540 cum
520 1493 686 1551 malis,
714 1509 812 1556 ego
838 1494 1029 1542 faecem
1055 1494 1250 1557 primus
1275 1498 1328 1541 et
1353 1494 1495 1554 allec,

18 1615 32 1622 ,
91 1557 291 1609 Primus
313 1564 367 1607 et
390 1559 624 1608 invenior
646 1561 791 1624 piper
816 1562 987 1609 album
1012 1577 1126 1610 cum
1154 1562 1258 1609 sale
1283 1562 1432 1624 nigro

26 1655 33 1658 -
89 1625 342 1676 Incretum
366 1627 510 1691 puris
534 1628 961 1691 circumposuisse
989 1629 1189 1677 catillis,
1588 1622 1649 1672 75

87 1689 315 1742 Immane
338 1701 420 1743 est
443 1694 627 1743 vitium
652 1696 773 1744 dare
799 1697 941 1744 milia
963 1701 1109 1744 terna
1134 1696 1347 1744 macello

85 1760 425 1825 Angustoque
450 1777 613 1825 vagos
637 1763 803 1825 pisces
829 1779 1010 1826 urgere
1036 1763 1218 1812 catino.

83 1825 279 1891 Magna
302 1834 476 1878 movet
500 1830 767 1878 stomacho
794 1831 1016 1889 fastidia,
1044 1846 1134 1879 seu
1158 1846 1284 1895 puer
1307 1831 1476 1880 unctis

84 1892 348 1944 Tractavit
372 1897 580 1945 calicem
608 1898 860 1956 manibus,
889 1898 1012 1946 dum
1038 1898 1173 1947 furta
1198 1899 1421 1960 ligurrit,

85 1960 202 2011 Sive
226 1964 402 2026 gravis
429 1965 588 2012 veteri
613 1970 839 2013 craterae
864 1966 1019 2014 limus
1046 1965 1292 2014 adhaesit.
1586 1960 1650 2007 80

84 2026 286 2078 Vilibus
309 2031 363 2079 in
388 2031 568 2094 scopiS,
598 2032 650 2079 in
678 2033 894 2096 mappis
923 2033 975 2080 in
1002 2034 1150 2081 scobe
1175 2037 1399 2097 quantus

85 2094 336 2146 Consistit
359 2098 634 2162 sumptus?
706 2100 755 2148 N
759 2101 985 2163 eglecti8‚
1014 2100 1267 2164 flagitium
1292 2100 1488 2163 ingens,

83 2162 207 2212 Ten’
229 2165 423 2229 lapides
450 2166 620 2215 varios
645 2168 900 2216 lutulenta
925 2169 1100 2216 radere
1125 2169 1297 2233 palma

84 2228 154 2280 Et
176 2230 359 2296 Tyrias
384 2233 505 2282 dare
532 2235 718 2283 circum
746 2235 911 2283 inluta
934 2236 1120 2283 toralia
1146 2241 1330 2294 vestes,

85 2294 329 2359 oblitum,
355 2308 548 2364 quanto
574 2316 747 2349 curam
774 2307 1135 2366 sumptumque
1161 2303 1410 2351 minorem
1585 2297 1645 2345 85

83 2361 227 2428 Haec
251 2365 490 2426 habeant,
517 2374 665 2417 tanto
689 2370 988 2433 reprehendi
1019 2370 1212 2431 justius
1236 2370 1338 2417 illis

82 2431 225 2493 Quae
249 2434 347 2482 nisi
373 2435 621 2485 divitibus
647 2442 904 2500 nequeant
929 2437 1224 2500 contingere
1251 2435 1482 2485 mensis?

149 2569 327 2619 Horat.
368 2572 530 2621 Docte
558 2573 689 2633 Cati,
715 2588 807 2636 per
835 2574 1112 2622 amicitiam
1139 2574 1388 2636 divosque
1413 2577 1644 2634 rogatus,

85 2632 279 2686 Ducere
303 2653 383 2687 me
408 2640 654 2700 auditum,
681 2656 862 2705 perges
887 2657 1219 2705 quocumque,
1248 2646 1518 2688 memento.

134 2752 181 2791 57
199 2756 389 2805 quatinus
485 2758 531 2796 57
551 2761 664 2808 petat
761 2759 804 2795 61
828 2758 869 2794 in
890 2770 1045 2795 morsus
1143 2759 1189 2794 69
1210 2758 1333 2794 bacca
1412 2756 1457 2795 70
1480 2769 1594 2794 succo

230 2804 278 2844 ⁷³
297 2805 409 2844 halec
428 2808 491 2853 F„
511 2808 551 2845 J.
623 2810 669 2846 78
689 2813 852 2845 movent
923 2809 969 2846 78
990 2809 1239 2846 stomachum
1310 2808 1357 2846 79
1377 2808 1508 2844 frusta.

428 2858 476 2906 79
495 2859 636 2908 ligurit
738 2860 787 2896 84
803 2859 919 2896 illota
1022 2860 1068 2898 87
1089 2861 1294 2910 nequeunt

301 2911 406 2956 Hor.
432 2914 484 2956 12
