1846 3034
15 607 19 613 ,
15 506 20 579 cm-.
16 446 19 478 --
15 404 19 406 .
16 264 44 331 NJ*-

747 187 872 227 ΜΒ.
911 187 952 228 1.
991 173 1039 239 5,
1070 176 1103 226 6
1613 171 1716 225 199

875 345 970 394 VI.

132 443 222 495 Nil
247 442 489 492 admirari
512 457 670 507 prope
695 456 777 490 res
802 445 882 489 est
906 456 1023 501 una,
1052 440 1277 501 Numici,

136 506 371 575 Solaque,
400 526 530 575 quae
555 510 722 573 possit
746 510 911 558 facere
935 514 989 557 et
1013 524 1217 557 servare
1243 510 1463 558 beatum.

135 578 289 627 Hunc
315 579 475 626 solem
501 583 554 626 et
579 577 758 626 stellas
783 582 836 625 et
860 577 1158 625 decedentia
1185 578 1337 625 certis

134 645 389 709 Tempora
411 646 688 693 momentis
714 650 835 692 sunt
859 645 947 708 qui
972 645 1239 692 formidine
1264 645 1404 693 nulla

132 712 328 761 Imbuti
353 718 610 776 spectent:
649 712 773 775 quid
799 727 976 760 censes
1002 726 1215 760 munera
1239 710 1443 760 terrae?
1678 718 1709 766 5

134 780 272 842 Quid
294 781 451 828 maris
475 785 731 828 extremos
759 779 966 827 Arabas
992 779 1209 827 ditantis
1234 785 1287 828 et
1311 779 1510 830 Indos?

133 847 360 896 Ludicra
384 848 520 912 quid,
547 847 774 910 plausus,
804 852 857 894 et
883 847 1032 895 amici
1057 847 1193 895 dona
1221 847 1471 910 Quiritis?

137 915 251 977 Quo
277 916 556 979 spectanda
581 915 749 973 modo,
778 930 880 977 quo
907 930 1062 963 sensu
1087 915 1250 963 credis
1274 920 1328 963 et
1353 930 1437 963 ore
1456 914 1485 964 2?-

134 982 237 1045 Qui
260 983 413 1031 timet
438 982 519 1031 his
543 983 777 1041 adversa,
807 982 909 1030 fere
935 983 1152 1030 miratur
1176 983 1354 1030 eodem

134 1050 249 1112 Quo
274 1051 483 1114 cupiens
506 1057 655 1115 pacto
677 1068 689 1113 ;
726 1065 890 1113 pavor
914 1055 994 1098 est
1019 1051 1288 1114 utrobique
1314 1051 1593 1114 molestus;
1651 1055 1711 1103 10

134 1117 428 1182 Improvisa
453 1118 603 1166 simul
632 1118 829 1182 species
855 1123 1077 1166 exterret
1102 1123 1388 1181 utrumque.

135 1185 372 1234 Gaudeat
398 1201 462 1234 an
487 1186 673 1245 doleat,
701 1186 877 1249 cupiat
902 1190 1180 1244 metuatne,
1208 1186 1330 1249 quid
1356 1186 1423 1234 ad
1449 1201 1570 1247 rem,

136 1251 207 1311 Si,
234 1254 475 1317 quicquid
501 1254 632 1302 vidit
657 1254 840 1301 melius
867 1255 1074 1316 pejusve
1101 1268 1194 1301 sua
1219 1268 1323 1316 spe,

133 1320 326 1368 Defixis
350 1321 509 1369 oculis
535 1322 807 1384 animoque
823 1326 887 1369 ‘et
912 1336 1122 1384 corpore
1148 1320 1352 1385 torpet?

133 1387 313 1436 Insani
339 1389 544 1452 sapiens
572 1404 756 1436 nomen
783 1389 927 1447 ferat,
957 1404 1149 1453 aequus
1175 1389 1353 1453 iniqui,
1647 1394 1708 1442 15

134 1454 288 1504 Ultra
313 1471 467 1519 quam
494 1457 623 1505 satis
649 1461 729 1505 est
755 1457 1001 1504 virtutem
1027 1457 1070 1504 si
1096 1462 1240 1521 petat
1266 1458 1445 1522 ipsam.

132 1522 160 1571 1
186 1538 335 1582 nunc,
363 1529 631 1587 argentum
658 1529 710 1572 et
736 1538 962 1572 marmor
988 1529 1139 1573 vetus
1165 1539 1382 1588 aeraque
1408 1529 1460 1572 et
1486 1529 1622 1572 artes

135 1589 362 1654 Suspice,
389 1606 504 1639 cum
529 1592 747 1654 gemmis
776 1591 964 1654 Tyrios
989 1592 1172 1640 mirare
1198 1593 1422 1654 colores;

134 1657 316 1706 Gaude
341 1659 478 1722 quod
503 1664 739 1721 spectant
765 1659 899 1707 oculi
925 1664 976 1707 te
1003 1659 1139 1707 mille
1165 1660 1487 1723 loquentem3

134 1724 349 1774 Gnavus
373 1740 523 1774 mane
550 1727 715 1774 forum
741 1732 794 1773 et
821 1726 1146 1790 vespertinus
1170 1732 1285 1790 pete
1311 1732 1519 1787 tectum,
1646 1731 1709 1778 20

132 1790 212 1840 Ne
237 1792 352 1856 plus
379 1793 617 1841 frumenti
644 1794 905 1842 dotalibus
932 1798 1123 1841 emetat
1147 1795 1286 1856 agris

133 1858 329 1916 MutuS,
356 1866 409 1908 et
434 1860 747 1924 (indignum,
776 1862 913 1924 quod
943 1862 1012 1909 sit
1035 1862 1291 1925 pejoribus
1318 1864 1486 1925 ortus)

135 1926 237 1975 Hic
262 1927 354 1975 tibi
380 1928 452 1976 sit
475 1929 648 1991 potius
674 1944 827 1992 quam
855 1934 914 1976 tu
941 1929 1188 1977 mirabilis
1214 1929 1301 1977 illi.

134 1994 389 2057 Quicquid
416 1996 511 2043 sub
536 2001 671 2043 terra
697 2002 790 2054 est,
820 1996 872 2043 in
901 1997 1130 2060 apricum
1155 1997 1379 2061 proferet
1405 2001 1579 2058 aetas;

135 2060 377 2110 Defodiet
400 2063 683 2127 condetque
710 2064 945 2112 nitentia.
1024 2064 1156 2114 Cum
1185 2065 1311 2112 bene
1337 2070 1516 2112 notum
1644 2066 1707 2114 25

136 2127 374 2179 Porticus
401 2131 662 2195 Agrippae
690 2136 743 2179 et
770 2131 854 2179 via
880 2138 930 2180 te
958 2132 1280 2195 conspexerit
1305 2132 1461 2195 Appi,

134 2195 217 2244 Ire
241 2202 414 2245 tamen
438 2204 601 2247 restat
627 2198 801 2247 Numa
828 2214 928 2263 quo
956 2199 1163 2247 devenit
1188 2204 1240 2248 et
1265 2200 1457 2248 Ancus

203 2329 260 2382 Si
285 2331 422 2380 latus
447 2338 536 2382 aut
561 2348 706 2382 renes
732 2335 912 2383 morbo
937 2339 1252 2399 temptantur
1277 2339 1442 2393 acut0‚

136 2398 335 2460 Quaere
362 2399 540 2462 fugam
568 2402 746 2451 morbi.
822 2402 919 2450 Vis
946 2408 1078 2451 recte
1105 2402 1307 2451 vivere:
1346 2403 1462 2465 quis
1488 2398 1627 2449 non?

136 2464 191 2513 Si
217 2466 382 2514 virtus
409 2466 503 2515 hoc
529 2483 632 2516 una
659 2474 831 2531 potest
857 2470 991 2528 dare,
1020 2469 1166 2517 fortis
1193 2470 1398 2517 omissis
1641 2472 1703 2518 30

138 2531 253 2581 Ηοο
278 2548 372 2596 age
399 2534 607 2584 deliciis.
684 2535 945 2585 Virtutem
973 2536 1128 2585 verba
1151 2542 1304 2601 putas
1330 2542 1387 2584 ut

136 2597 335 2648 Lucum
361 2601 531 2664 ligna:
570 2618 695 2651 cave
722 2619 783 2652 ne
811 2610 992 2667 portus
1019 2610 1232 2667 occupet
1258 2604 1397 2663 alter,

136 2665 217 2714 Ne
244 2667 555 2731 Cibyratica,
585 2686 647 2718 ne
675 2671 907 2734 Bithyna
933 2672 1139 2734 negotia
1165 2672 1379 2734 perdas;

136 2732 279 2782 Mille
309 2736 503 2784 talenta
530 2738 883 2797 rotunde-ntur,
912 2740 1128 2787 totidem
1156 2740 1332 2798 altera,
1360 2751 1507 2801 porro
1533 2742 1585 2784 et

214 2851 236 2887 5
256 2855 442 2902 spectant
494 2853 516 2889 8
536 2853 668 2890 cordis
722 2854 768 2891 16
788 2857 910 2905 petet,
930 2855 1035 2905 petit
1087 2855 1135 2892 22
1151 2854 1309 2892 Mucius
1363 2854 1410 2890 28
1431 2855 1640 2891 tentantur

566 2905 610 2940 31
633 2907 750 2955 putes
855 2906 901 2942 31
922 2909 962 2943 et
1063 2906 1112 2943 34
1131 2909 1171 2943 et
1190 2907 1293 2942 omit.
