1878 3054
690 171 815 210 Lm.
857 170 898 211 1.
939 156 1121 210 33-35

390 306 551 357 Sedes
587 305 970 368 Atlanteusque
1008 303 1123 351 finis

456 374 774 424 concutitur.
850 371 1009 420 Valet
1034 372 1140 419 ima
1164 371 1381 420 summis

318 442 524 492 Mutare
549 447 601 490 et
625 441 882 504 insignem
910 444 1148 488 attenuat
1173 441 1313 499 deuS,

322 510 556 560 Obscura
578 524 819 573 promens
841 526 853 570 ;
891 508 1010 557 hinc
1038 509 1236 572 apicem
1259 523 1422 572 rapax

387 578 620 627 Fortuna
655 593 771 625 cum
808 577 1029 625 stridore
1067 582 1219 624 acuto

460 644 699 704 Sustulit,
739 644 822 693 hic
857 645 1093 709 posuisse
1129 643 1335 707 gaudet.

784 843 1023 892 XXXV.

326 949 372 1000 Ο
399 950 537 1009 diva,
565 953 771 1013 gratum
798 965 928 1013 quae
954 949 1094 1012 regis
1120 947 1356 1010 Antium,

324 1018 578 1067 Praesens
603 1017 686 1065 vel
711 1017 815 1065 imo
841 1017 1019 1065 tollere
1045 1017 1107 1066 de
1133 1018 1298 1080 gradu

386 1085 609 1134 Mortale
646 1099 845 1147 corpus,
887 1085 967 1132 vel
1005 1085 1251 1148 superbos

458 1153 674 1202 Vertere
700 1152 965 1200 funeribus
991 1151 1312 1215 triumphos!

323 1221 397 1270 Te
421 1235 618 1284 pauper
643 1220 803 1268 ambit
831 1220 1052 1268 sollicita
1074 1235 1219 1283 prece

323 1289 483 1339 Ruris
508 1288 731 1347 colonuS,
759 1292 810 1335 te
838 1289 1097 1336 dominam
1123 1287 1355 1351 aequoris

393 1357 710 1419 Quicumque
749 1356 982 1418 Bithyna
1016 1356 1225 1404 lacessit

460 1423 799 1487 Carpathium
839 1424 1055 1487 pelagus
1091 1424 1277 1472 carina.

325 1491 400 1540 ΤΘ
424 1491 598 1540 Dacus
623 1506 786 1554 asper,
816 1496 867 1539 te
893 1491 1096 1554 profugi
1126 1491 1369 1555 Scythae,

326 1559 597 1622 Urbesque
623 1564 906 1622 gentesque
933 1564 985 1607 et
1010 1558 1216 1607 Latium
1245 1560 1386 1608 ferox

394 1627 698 1690 Regumque
723 1633 915 1675 matres
940 1627 1273 1675 barbarorum
1297 1632 1350 1676 et

463 1694 716 1757 Purpurei
753 1699 993 1742 metuunt
1028 1695 1253 1757 tyranni,

326 1761 578 1825 Injurioso
614 1778 677 1810 ne
713 1762 842 1825 pede
878 1777 1094 1824 proruas

328 1828 562 1878 Stantem
588 1830 894 1887 columnam,
923 1844 1023 1877 neu
1047 1830 1268 1893 populus
1293 1829 1532 1893 frequens

396 1896 483 1946 Ad
521 1912 665 1945 arma
700 1902 979 1955 cessantes
1019 1898 1084 1945 ad
1122 1912 1266 1945 arma

465 1963 715 2023 Concitet,
742 1965 1112 2028 imperiumque
1139 1965 1358 2029 frangat.

330 2031 404 2080 ΤΘ
429 2047 630 2095 semper
655 2033 816 2080 anteit
845 2047 1001 2080 saeva
1027 2032 1074 2080 N
1079 2033 1340 2094 ecessitaS,

331 2099 525 2149 Glavos
561 2100 784 2148 trabales
820 2105 874 2148 et
910 2115 1098 2148 cuneos
1138 2116 1292 2149 manu

398 2167 624 2216 Gestans
661 2173 801 2226 aena,
842 2183 934 2216 nec
972 2183 1179 2217 severus

467 2234 645 2283 Uncus
671 2236 815 2283 abest
842 2236 1192 2300 liquidumque
1217 2237 1511 2301 plumbum3

330 2298 404 2350 ΤΘ
432 2302 561 2366 Spes
585 2309 638 2351 et
664 2303 778 2351 albo
806 2318 923 2351 rara
949 2304 1106 2352 Fides
1131 2305 1252 2353 colit

332 2368 523 2418 Velata
547 2386 732 2433 panno,
760 2387 852 2419 nec
879 2373 1116 2420 comitem
1144 2373 1380 2436 abnegat,

398 2437 689 2502 Utcumque
727 2445 928 2487 mutata
966 2445 1203 2503 potentes

468 2505 627 2554 Veste
654 2508 833 2556 domos
860 2508 1066 2555 inimica
1092 2508 1310 2571 linquis:

334 2571 411 2620 At
435 2573 617 2636 volgus
642 2576 852 2625 infidum
880 2582 932 2625 et
958 2577 1195 2624 meretrix
1220 2581 1356 2624 retro

335 2639 545 2702 Pet-jura
569 2645 718 2703 cedit,
749 2646 1030 2709 diffugiunt
1056 2645 1198 2692 cadis

405 2708 536 2757 Cum
575 2712 713 2760 faece
755 2713 961 2761 siccatis
1000 2712 1165 2770 amici,

471 2775 624 2827 Ferre
653 2781 839 2842 Jugum
879 2781 1072 2843 pariter
1108 2778 1287 2828 dolosi.

833 2909 876 2947 17
898 2922 1015 2947 serva

1614 157 1685 210 41

1623 578 1740 628 15.

1630 1559 1694 1607 10

1575 1896 1695 1970 ¹15

1633 2235 1697 2282 20

1634 2571 1697 2618 25
