1878 3054
194 242 199 246 ῃ
236 173 335 226 170
680 186 921 226 HORATI
964 187 1332 227 SA'HRARVM

231 318 501 378 Quondam
526 317 760 380 lethargo
785 320 968 381 grandi
993 325 1071 367 est
1096 334 1385 381 oppressuS,
1414 323 1469 366 ut
1495 319 1640 366 heres
1706 321 1797 367 145

229 386 347 432 Jam
375 386 560 432 circum
585 386 775 433 loculos
800 394 851 434 et
876 388 1045 433 claves
1069 387 1233 434 laetus
1259 401 1518 448 ovansque

231 452 479 499 Curreret.
556 453 708 500 Hunc
734 454 960 500 medicus
985 454 1202 500 multum
1228 453 1356 500 celer
1382 459 1531 515 atque
1558 453 1719 500 fidelis

228 519 434 566 Excitat
460 519 554 566 hoc
578 526 755 582 pacto:
793 536 1020 567 mensam
1047 520 1168 583 poni
1197 520 1345 581 jubet
1369 525 1519 583 atque

228 586 433 633 Effundi
460 600 632 634 saccos
658 603 994 646 nummorum,
1023 588 1259 635 accedere
1285 587 1455 648 plures

226 653 313 700 Ad
361 655 759 701 numerandum:
820 654 1078 702 hominem
1137 654 1209 701 sic
1263 654 1426 717 erigit.
1523 654 1690 701 Addit
1737 659 1788 701 et

429 721 554 767 illud
1699 724 1792 770 150

229 790 256 811 “
279 787 348 834 Ni
373 792 463 834 tua
487 760 726 846 custodis,
755 789 938 836 avidus
965 790 1073 850 jam
1099 788 1223 835 haec
1250 788 1442 835 auferet
1469 788 1662 835 hereS.''

228 854 413 901 “Men’
440 854 560 901 vivo
582 853 645 901 ?''
717 859 744 879 ‘¹
765 856 838 903 Ut
874 856 1035 915 vivas,
1075 856 1248 917 igitur,
1278 855 1468 917 vigila:
1506 856 1601 903 hoc
1639 857 1787 916 age.''

429 926 456 945 ‘¹
476 922 610 982 Quid
637 923 715 969 vis
735 921 798 969 ?''

229 992 256 1012 “
277 988 523 1035 Deficient
548 989 747 1051 inopem
773 1005 933 1037 venae
959 994 1024 1048 te,
1051 991 1103 1037 ni
1130 989 1270 1037 cibus
1297 995 1447 1052 atque

228 1055 419 1116 Ingens
447 1057 642 1103 accedit
668 1057 929 1104 stomacho
956 1057 1147 1104 fultura
1171 1058 1349 1105 ruenti.

229 1122 305 1168 Tu
318 1121 520 1169 cessas?
560 1123 1665 1187 Agedum,sumehocptisanariumoryzae.''
1698 1119 1791 1167 155

230 1193 257 1212 ‘⁴
278 1190 469 1249 Quanti
527 1198 725 1251 emptae
745 1189 764 1237 ?
782 1192 808 1217 ’⁷
903 1196 928 1214 “
948 1191 1174 1238 Parvo.⁷'
1268 1195 1295 1215 “
1316 1191 1521 1252 Quanti,
1582 1205 1704 1252 ergo
1725 1188 1788 1237 ?''

431 1261 457 1280 “
477 1255 829 1304 Octussibus.''
901 1261 927 1282 ‘⁶
947 1256 1120 1305 Eheu!

231 1323 366 1384 Quid
391 1323 556 1382 refert,
584 1324 757 1372 morbo
784 1339 850 1371 an
878 1324 1025 1372 furtis
1050 1339 1351 1388 pereamque
1376 1323 1602 1388 rapinis?
1619 1325 1647 1350 '’

297 1450 544 1511 Quisnam
591 1451 753 1512 igitur
800 1466 956 1499 sanus
977 1449 997 1499 ⁴?
1073 1451 1172 1512 Qui
1220 1467 1321 1499 non
1370 1452 1572 1499 stultus.
1652 1450 1787 1511 Quid

431 1533 616 1565 avarus
635 1517 655 1566 ?

232 1583 431 1631 Stultus
456 1590 507 1631 et
531 1585 753 1634 insanus.
828 1586 976 1646 Quid,
1005 1586 1049 1633 si
1075 1586 1189 1648 quis
1214 1601 1315 1632 non
1341 1587 1409 1633 sit
1434 1601 1633 1643 avaruS,

233 1650 487 1698 Continuo
505 1651 697 1699 sanus?
758 1653 984 1700 Minime.
1049 1653 1166 1709 Cur,
1188 1652 1391 1700 Stoice?
1452 1653 1645 1700 Dicam.
1698 1650 1792 1696 160

231 1714 350 1764 Non
374 1722 453 1765 est
478 1719 739 1767 cardiacus
767 1720 1059 1782 (Craterum
1084 1719 1272 1766 dixisse
1298 1720 1502 1782 putato)

232 1783 334 1831 Hic
361 1800 538 1846 aeger:
576 1791 708 1833 recte
733 1792 813 1834 est
836 1787 994 1848 igitur
1017 1785 1327 1851 surgetque?
1399 1787 1641 1848 Negabit,

233 1850 380 1911 Quod
405 1852 540 1899 latus
567 1859 654 1900 aut
678 1868 824 1900 renes
850 1854 1024 1900 morbo
1049 1858 1360 1916 temptentur
1384 1859 1546 1900 acuto.

231 1917 350 1965 Non
374 1923 454 1966 est
477 1921 707 1981 perjurus
732 1935 894 1983 neque
921 1921 1157 1968 sordidus
1178 1938 1189 1981 3
1227 1921 1454 1967 immolet
1478 1920 1652 1982 aequis

234 1985 334 2032 Hic
352 2001 558 2047 porcum
580 1987 826 2035 Laribus:
865 2003 1038 2034 verum
1065 1988 1366 2035 ambitiosus
1390 1993 1442 2034 et
1467 1988 1663 2046 audax;
1703 1984 1794 2031 165

231 2051 459 2114 Naviget
486 2053 802 2115 Anticyram.
878 2054 1012 2114 Quid
1037 2055 1170 2101 enim
1197 2055 1376 2111 differt,
1402 2054 1704 2101 barathrone

234 2118 406 2166 Dones
431 2121 672 2182 quicquid
698 2120 870 2179 habes,
899 2137 963 2168 an
989 2137 1264 2184 numquam
1290 2126 1432 2168 utare
1458 2118 1691 2183 paratis?

235 2185 441 2233 Servius
469 2186 720 2249 Oppidius
749 2188 941 2236 Canusi
967 2189 1067 2235 duo
1091 2189 1312 2251 praedia,
1340 2188 1485 2235 dives

232 2253 465 2315 Antiquo
493 2270 660 2313 censu,
691 2255 860 2317 gnatis
885 2252 1071 2302 divisse
1099 2256 1295 2302 duobus

234 2320 430 2379 Fertur,
458 2326 508 2368 et
534 2322 627 2369 hoc
653 2322 872 2369 moriens
898 2323 1068 2384 pueris
1094 2322 1280 2369 dixisse
1305 2322 1502 2369 vocatis
1701 2325 1794 2373 170
1858 2337 1863 2339 ’

233 2388 319 2436 Ad
344 2388 529 2435 lectum
553 2407 562 2436 :
603 2394 629 2413 ‘⁴
653 2389 931 2453 Postquam
955 2395 1005 2436 te
1031 2389 1178 2448 talos,
1206 2389 1355 2447 Aule,
1381 2403 1633 2450 nucesque

233 2454 383 2502 Ferre
410 2456 523 2502 sinu
548 2457 677 2514 laxo,
707 2458 893 2504 donare
920 2461 972 2503 et
996 2457 1166 2503 ludere
1192 2456 1313 2514 vidi,

233 2522 318 2579 Te,
347 2522 531 2581 Tiberi,
558 2537 835 2582 numerare,
863 2524 1001 2571 cavis
1028 2523 1330 2570 abscondere
1354 2522 1568 2581 tristem,

232 2588 458 2636 Extimui
482 2606 543 2637 ne
569 2605 661 2638 vos
687 2596 861 2652 ageret
885 2590 1094 2638 vesania
1119 2591 1326 2647 discors,

233 2655 310 2702 Tu
337 2656 726 2716 Nomentanum,
754 2664 811 2705 tu
836 2673 897 2704 ne
924 2672 1186 2719 sequerere
1214 2656 1458 2704 Cicutam.
1702 2664 1793 2712 175

236 2727 400 2786 Quare
426 2739 514 2787 per
539 2726 685 2772 divos
711 2730 883 2772 oratus
908 2730 1116 2786 uterque
1144 2724 1379 2781 Penates,

334 2842 407 2877 154
424 2843 587 2879 accedat
691 2843 762 2880 157
781 2854 992 2892 pereamve
1096 2842 1167 2876 163
1186 2842 1448 2890 temptantur,
1467 2841 1673 2876 tententur

850 2893 919 2930 170
940 2892 1036 2928 haec
1049 2892 1174 2940 pauci
1408 2893 1414 2898 ’
