1878 3054
673 169 798 209 mn.
841 169 909 208 11.
949 158 997 219 2,
1027 157 1059 207 3
1532 159 1636 212 165

61 302 147 354 Au
170 302 257 366 qui
281 305 553 350 contentus
577 317 738 366 parvo
763 306 1097 364 metuensque
1124 302 1284 350 futuri
1538 301 1633 347 110

60 370 124 420 In
146 385 283 435 pace,
310 375 369 417 ut
392 370 610 432 sapiens,
638 369 829 432 aptarit
854 369 1038 417 idonea
1065 368 1237 418 bello?

129 504 241 566 Quo
260 503 427 566 magis
454 503 533 551 his
552 504 745 563 credaS,
766 519 891 567 puer
916 503 1050 552 hunc
1075 520 1172 566 ego
1196 519 1388 569 parvus
1411 504 1630 555 Ofellum

61 571 286 635 Integris
311 571 498 634 opibus
523 572 643 619 novi
669 586 771 619 non
796 571 952 618 latius
979 587 1128 619 usum

62 639 226 701 Quam
251 653 386 687 nunc
410 638 604 687 accisis,
678 638 872 686 Videas
899 644 1090 686 metato
1118 639 1170 687 iu
1197 640 1364 703 agello

63 705 192 756 Cum
215 720 393 769 pecore
418 710 471 754 et
496 706 670 768 gnatis
695 706 879 754 fortem
906 706 1135 755 mercede
1162 708 1413 767 colonum,
1538 709 1631 756 115

62 779 91 800 ‘⁴
111 773 228 822 Non
253 775 401 836 ego,''
425 779 734 831 narrantem,
763 778 997 822 “temere
1024 774 1106 823 edi
1132 775 1242 823 luce
1267 776 1495 839 profesta-

63 841 347 904 Quicquam
371 848 572 904 praeter
597 841 710 889 olus
736 841 965 900 fumosae
993 857 1107 890 cum
1134 843 1260 906 pede
1285 859 1486 907 pernae.

62 909 142 959 Ac
166 907 291 956 mihi
316 922 407 956 seu
430 908 640 972 longum
667 914 786 972 post
811 915 1016 972 tempus
1044 915 1253 959 venerat
1279 911 1479 975 hospes,

63 975 182 1026 Sive
206 990 418 1039 operum
443 991 606 1024 vacuo
631 981 812 1038 gratus
839 977 1057 1024 conviva
1080 993 1170 1041 per
1194 979 1407 1026 imbrem

64 1043 292 1101 VicinuS,
319 1043 446 1092 bene
470 1050 583 1092 erat
610 1059 710 1098 non
734 1044 961 1107 piscibus
988 1045 1110 1107 urbe
1137 1046 1326 1109 petitis,
1539 1047 1629 1095 120

63 1109 163 1160 Sed
187 1111 328 1176 pullo
354 1115 507 1175 atque
534 1111 733 1170 haed03
772 1118 880 1159 tum
907 1112 1117 1174 pensilis
1143 1129 1244 1161 uva
1269 1114 1522 1163 secundas

62 1177 134 1228 Et
155 1193 260 1227 nux
283 1179 500 1228 ornabat
526 1194 730 1227 mensas
757 1195 869 1227 cum
896 1180 1098 1243 duplice
1126 1181 1232 1230 ficu.

64 1246 192 1295 Post
215 1246 311 1304 hoc
334 1246 487 1295 ludus
510 1252 621 1295 crat
645 1247 794 1311 culpa
820 1254 997 1310 potare
1023 1249 1290 1310 magistra,

64 1315 144 1364 Ac
167 1319 409 1362 venerata
435 1314 603 1371 Ceres
631 1315 705 1363 ita
730 1315 898 1363 culmo
925 1323 1157 1378 surgeret
1182 1317 1299 1378 alte,

64 1381 324 1445 Explicuit
349 1382 468 1430 vino
494 1387 784 1431 contractae
811 1383 944 1430 seria
970 1383 1166 1431 frontis.
1538 1386 1629 1433 125

64 1447 274 1499 Saeviat
297 1455 451 1513 atque
476 1465 638 1498 novos
665 1456 871 1498 moveat
897 1450 1126 1498 Fortuna
1152 1451 1436 1501 tumultus:

65 1518 323 1581 Quantum
367 1517 485 1566 hinc
528 1516 832 1566 imminuet?
923 1518 1128 1580 Quanto
1172 1525 1262 1567 aut
1298 1535 1394 1582 ego
1430 1518 1636 1582 parcius

262 1590 354 1634 aut
380 1600 486 1644 voe,

66 1652 110 1703 Ο
134 1654 292 1717 pueri,
319 1652 560 1705 nituistis.
588 1658 647 1701 ut
672 1652 770 1702 buc
797 1668 962 1701 novus
987 1653 1152 1702 incola
1179 1652 1360 1702 venit?

64 1719 198 1770 Nam
223 1721 456 1785 propriae
483 1721 680 1769 telluris
707 1720 883 1768 herum
911 1727 1096 1768 natura
1121 1736 1283 1784 neque
1309 1721 1454 1770 illum

66 1787 172 1837 Nec
196 1795 275 1838 me
302 1804 392 1837 nec
416 1803 720 1852 quemquam
747 1787 960 1835 statuit:
998 1803 1091 1836 nos
1115 1788 1312 1850 expulit
1336 1788 1449 1850 ille3
1541 1787 1635 1836 130

65 1855 218 1905 Illum
243 1861 335 1905 aut
360 1857 613 1919 nequities
639 1860 729 1903 aut
755 1855 883 1902 vafri
911 1855 1114 1903 inscitia
1130 1855 1274 1916 juris,

68 1922 386 1972 Postremum
412 1923 632 1987 expellet
657 1928 790 1970 certe
817 1922 1045 1971 vivacior
1070 1923 1225 1970 heres,

66 1989 215 2040 Nunc
240 2006 362 2054 ager
389 1991 635 2039 Umbreni
662 1990 756 2038 sub
783 1989 1000 2048 nominc,
1027 2005 1187 2054 nuper
1213 1989 1365 2037 Ofelli

67 2057 263 2116 DietuS,
290 2058 387 2107 erit
413 2059 538 2106 nulli
567 2058 815 2122 proprius,
844 2057 933 2105 sed
961 2058 1106 2105 cedet
1132 2057 1183 2104 in
1211 2071 1361 2104 usum

67 2123 216 2175 Nunc
241 2126 380 2185 mihi,
410 2141 541 2174 nunc
567 2126 666 2174 alii.
743 2125 993 2188 Quocirca
1020 2125 1178 2173 vivite
1206 2124 1376 2182 fortes»,
1539 2128 1632 2175 135

67 2191 343 2259 Fortiaque
369 2194 598 2243 adversis
624 2193 865 2257 opponite
890 2198 1098 2257 pectora
1122 2192 1322 2240 rebus.’'

800 2355 900 2404 ΙΙΙ.

70 2460 435 2525 Damasippus.
459 2459 543 2509 Sic
559 2474 673 2507 raro
693 2458 885 2517 scribiS,
905 2463 962 2506 ut
982 2461 1092 2506 toto
1113 2472 1212 2504 non
1234 2460 1416 2519 quater
1437 2469 1569 2503 anuo

69 2525 420 2576 Membranam
448 2542 643 2591 poscas,
672 2527 974 2588 scriptorum
1001 2539 1229 2588 quaeque
1257 2528 1506 2580 retexens,

72 2591 242 2642 Iratus
266 2594 375 2652 tibi,
402 2595 553 2658 quod,
581 2594 683 2641 vini
710 2593 972 2656 somnique
999 2592 1268 2654 benignus,

71 2657 117 2708 N
127 2661 160 2708 il
185 2661 393 2725 dignum
421 2676 649 2709 sermone
676 2674 843 2708 canas.
918 2659 1051 2720 Quid
1078 2656 1199 2706 fiet?
1274 2656 1348 2703 At
1373 2656 1497 2718 ipsis

115 2796 187 2834 118
201 2800 245 2835 ιι
297 2798 369 2836 124
388 2801 433 2835 ut
447 2798 572 2847 pauci
625 2797 696 2835 127
715 2799 912 2847 quantum
967 2796 1039 2832 128
1060 2794 1223 2831 vixistis
1233 2792 1360 2841 pauci
1414 2794 1484 2829 128
1506 2794 1599 2831 veni

223 2849 295 2886 132
313 2853 513 2900 postremo
627 2848 697 2885 134
717 2852 804 2884 erat
924 2847 997 2883 134
1015 2845 1134 2890 cedit,
1152 2844 1291 2881 cedere
1415 2844 1431 2879 l
1455 2844 1488 2880 ni

406 2900 421 2936 1
445 2899 586 2936 scribis
607 2901 650 2935 tu
670 2898 726 2934 M.
747 2898 860 2942 coni„
882 2895 946 2942 R„
967 2896 1114 2932 scribes
1218 2895 1241 2930 4
1260 2893 1311 2930 ab
