1878 3054
149 138 222 188 46

610 147 849 185 HORA'PI
893 146 1238 186 CARMINVM

414 280 485 327 Et
507 283 689 326 cuncta
712 283 960 326 terrarum
986 277 1198 325 subacta

484 346 692 393 Praeter
719 350 940 392 atrocem
967 344 1190 391 animum
1218 342 1441 391 Catonis,

347 413 385 461 J
388 428 501 470 uno,
528 418 579 459 et
604 413 812 459 deorum
837 411 1068 474 quisquis
1095 409 1302 458 amicior
1396 429 1400 432 ·

348 480 493 527 Afris
518 479 681 526 inulta
706 483 927 525 cesserat
951 478 1204 540 impotens

415 547 629 603 Tellure,
668 546 915 592 victorum
935 549 1162 606 nepotes

479 613 705 661 Rettulit
731 612 937 659 inferias
961 611 996 659 J
1001 609 1261 673 ugurthae

350 680 477 741 Quis
503 696 602 728 non
629 680 817 727 Latino
848 678 1096 740 sanguine
1121 677 1360 740 pinguior

349 747 575 811 Campus
600 746 878 811 sepulchris
906 746 1063 808 impia
1085 744 1278 808 proelia

417 815 667 872 Testatur,
697 814 1032 875 auditumque
1058 811 1227 860 Medis

484 881 764 944 Hesperiae
792 881 1014 928 sonitum
1041 877 1257 927 ruinae?

348 948 447 1009 Qui
473 964 660 1011 gurges
686 955 774 996 aut
801 963 930 1010 quae
959 946 1168 994 flumina
1191 938 1422 1008 lugubris

348 1015 537 1078 Ignara
561 1015 721 1063 belli?
758 1016 892 1078 quod
918 1030 1055 1062 mare
1082 1013 1314 1061 Dauniae

415 1082 465 1129 N
470 1098 535 1129 on
571 1083 920 1131 decoloravere
959 1079 1176 1129 caedes?

483 1150 625 1210 Quae
662 1155 798 1197 caret
835 1155 923 1197 or'a
960 1164 1132 1196 cruore
1169 1145 1386 1196 nostro?

350 1214 451 1263 Sed
478 1232 538 1263 ne
564 1217 765 1275 relictiS,
794 1217 947 1264 Musa
970 1231 1171 1279 procaX,
1191 1215 1321 1278 jocis

349 1282 482 1331 Ceae
508 1289 750 1331 retractes
776 1299 987 1332 munera
1012 1284 1220 1332 neniae:
1281 1308 1283 1310 ·

413 1350 618 1398 Mecum
655 1351 882 1399 Dionaeo
919 1351 1014 1398 sub
1051 1356 1206 1398 antro·

483 1417 680 1479 Quaere
716 1418 896 1466 modos
933 1418 1123 1466 leviore
1159 1417 1366 1481 plectro.

348 1709 536 1758 Nullus
573 1697 786 1772 argento
823 1683 961 1758 color
995 1715 1075 1759 est
1110 1712 1282 1760 avaris

349 1777 540 1826 Abdito
576 1778 739 1835 terris,
778 1778 978 1825 inimice
1014 1776 1216 1827 lamnae

350 1844 528 1906 Crispe
567 1844 795 1902 Sallusti,
835 1845 934 1892 nisi
971 1848 1254 1909 temperato

612 1910 888 1973 Splendeat
923 1927 1049 1960 usu:

348 1976 507 2025 Vivet
542 1982 749 2025 extento
781 1978 1086 2027 Proculeius
1123 1995 1265 2040 aevo,

347 2043 515 2091 Notus
551 2044 603 2091 in
640 2045 821 2092 fratres
861 2045 1019 2092 animi
1054 2048 1254 2110 paterni
1271 2068 1290 2109 ,ς

347 2110 500 2158 Illum
537 2116 656 2173 aget
689 2127 856 2174 penna
893 2117 1151 2161 metuente
1187 2113 1320 2162 solvi

612 2178 774 2225 Fama
810 2184 1082 2241 superstes,

348 2243 532 2292 Latius
567 2259 751 2307 regnes
791 2246 999 2294 avidum
1037 2246 1290 2294 domando

349 2310 607 2374 Spiritum,
646 2327 798 2374 quam
838 2313 880 2360 si
920 2313 1140 2375 Libyam
1174 2314 1384 2362 remotis

350 2377 578 2427 Gadibus
605 2380 796 2441 jungas
833 2384 885 2427 et
922 2384 1131 2456 uterque
1169 2380 1374 2433 Poenus

515 2486 517 2488 .
618 2445 823 2494 Serviat
857 2446 973 2494 ιιιιί·

355 2510 553 2566 Crescit
588 2512 859 2574 indulgens
897 2513 991 2560 sibi
1031 2513 1170 2562 dirus
1207 2512 1449 2578 hydrops,

349 2578 459 2626 Nec
496 2579 634 2626 sitim
668 2579 826 2642 pellit,
865 2580 964 2627 nisi
1000 2595 1153 2628 causa
1186 2581 1350 2629 morbi

349 2644 564 2708 Fugerit
601 2647 759 2705 venis,
798 2650 850 2693 et
886 2662 1109 2709 aquosus
1146 2647 1260 2695 albo

618 2712 837 2775 Corpore
873 2713 1103 2775 languor.

358 2842 409 2878 33
419 2823 519 2891 'quis
703 2843 726 2878 3
746 2841 895 2879 Salusti
1074 2843 1094 2881 7
1114 2843 1201 2890 agit
1327 2842 1348 2882 7
1367 2844 1496 2895 pinna

1645 409 1706 458 25

1647 743 1708 789 30

1647 1070 1783 1124 354

1555 1403 1711 1459 '40

1650 2317 1714 2364 10

1650 2647 1712 2696 15
