1846 3034
726 160 851 201 Lm.
891 160 931 200 1.
975 147 1055 212 15,
1089 147 1157 200 16
1622 151 1724 214 211

156 296 293 347 Vilis
318 299 370 344 et
395 294 629 358 agninae,
656 294 822 342 tribus
846 294 983 342 ursis
1007 294 1144 357 quod
1170 295 1299 343 satis
1325 299 1495 358 esset3
1661 292 1722 339 35

157 365 363 415 Scilicet
389 369 448 411 ut
474 369 678 410 ventres
703 362 875 409 lamna
900 362 1150 410 candente
1177 368 1422 425 nepotum

156 431 363 482 Diceret
387 431 610 479 urendos
635 436 892 478 correctus
917 429 1138 478 Bestius.
1212 431 1373 489 Idem,

156 499 411 564 Quicquid
436 504 547 546 erat
571 504 755 545 nactus
780 498 999 560 praedae
1026 498 1248 559 majoris,
1277 499 1363 546 ubi
1391 514 1538 547 omne

153 565 395 617 Verterat
418 567 472 615 in
497 566 693 613 fumum
719 571 772 613 et
796 565 1032 623 cinerem,
1062 570 1090 590 ‘⁴
1111 566 1230 613 Non
1257 566 1457 615 hercule
1484 568 1687 626 miror,’'

150 636 356 694 Aiebat,
385 640 412 660 “
431 635 475 683 si
501 635 586 698 qui
610 634 884 681 comeduut
908 634 1056 692 bona,
1085 650 1198 682 cum
1225 635 1294 683 sit
1320 635 1471 683 obeso
1663 644 1721 690 40

151 702 244 751 Nil
268 703 451 752 melius
475 702 641 761 turdo,
671 701 740 748 nil
768 702 922 750 volva
947 702 1210 765 pulchrius
1237 703 1455 767 ampla.''

150 768 405 819 Nimirum
433 771 514 819 hic
538 785 635 833 ego
662 785 774 817 sum
799 788 811 832 3
850 786 968 818 nam
995 775 1110 818 tuta
1134 776 1186 818 et
1210 772 1428 833 parvula
1451 771 1619 830 laudo,

152 837 285 887 Cum
309 853 390 887 res
414 837 669 897 deficiunt,
699 839 828 886 satis
854 838 988 886 inter
1012 839 1136 886 vilia
1161 839 1308 886 fortis
1331 856 1344 899 ;

150 904 345 954 Verum
369 907 457 954 ubi
482 905 606 970 quid
632 906 816 954 melius
841 906 1095 968 contingit
1120 911 1171 954 et
1195 906 1417 964 unctiuS,
1445 906 1580 955 idem

149 966 260 1022 Vos
285 989 460 1036 sapere
485 980 538 1021 et
564 974 701 1021 solos
728 974 810 1021 aio
835 973 962 1021 bene
989 975 1175 1033 vivere,
1203 988 1419 1036 quorum
1656 974 1718 1022 45

149 1039 477 1106 Conspicitur
503 1041 682 1089 nitidis
708 1041 924 1089 fundata
948 1041 1166 1106 pecunia
1191 1041 1342 1091 villis.

858 1230 1012 1281 XVI.

139 1331 227 1384 Ne
249 1334 579 1399 perconteriS,
609 1335 801 1382 fundus
827 1350 986 1395 meuS,
1016 1334 1207 1397 optime
1237 1335 1432 1397 Quinti,

140 1402 288 1451 Arvo
313 1408 493 1467 pascat
518 1403 699 1451 herum
727 1418 792 1450 an
819 1402 960 1450 bacis
988 1403 1251 1466 opulentet
1277 1404 1458 1462 olivae,

139 1468 399 1529 Pomisne,
427 1486 493 1519 an
521 1471 701 1533 pratis,
732 1486 797 1518 an
827 1470 1016 1518 amicta
1042 1470 1235 1519 vitibus
1260 1471 1414 1529 ulmo,

141 1536 403 1586 Scribetur
425 1538 520 1586 tibi
549 1539 713 1586 forma
738 1537 1024 1600 loquaciter
1047 1548 1101 1586 et
1128 1539 1260 1586 situs
1287 1539 1411 1602 agri.

140 1604 383 1654 Continui
409 1610 625 1664 montes,
654 1606 706 1653 ni
737 1606 1080 1654 dissocientur
1105 1622 1264 1670 opaca
1681 1610 1711 1658 5

139 1671 307 1732 Valle,
335 1673 424 1722 sed
450 1679 510 1721 ut
537 1674 750 1722 veniens
779 1673 1017 1721 dextrum
1044 1674 1181 1721 latus
1208 1674 1424 1736 aspiciat
1452 1673 1555 1733 Sol,

139 1738 369 1789 Laevum
397 1741 666 1789 discedens
695 1756 847 1788 curru
875 1741 1103 1804 fugiente
1130 1747 1356 1805 vaporet.

136 1806 454 1872 Temperiem
480 1809 672 1856 laudes.
755 1809 905 1869 Quid,
935 1809 976 1856 si
1002 1809 1284 1857 rubicunda
1310 1808 1518 1870 benigni

134 1872 301 1924 Corna
327 1891 505 1939 vepres
530 1882 582 1923 et
606 1891 772 1939 pruna
801 1874 1004 1924 ferant?
1043 1876 1086 1923 si
1113 1891 1327 1939 quercus
1351 1882 1403 1923 et
1431 1877 1531 1923 ilex

133 1942 304 1992 Multa
327 1943 471 2006 fruge
496 1959 666 2007 pecus,
698 1943 858 1991 multa
889 1944 1150 1992 dominum
1180 1945 1329 2005 juvet
1354 1940 1576 1991 umbra?
1648 1942 1709 1990 10

132 2009 290 2059 Dicas
315 2011 593 2060 adductum
622 2011 837 2074 propius
866 2012 1098 2059 fronde-re
1125 2011 1418 2060 Tarentum.

132 2076 272 2127 Fons
296 2079 452 2127 etiam
480 2079 591 2127 rivo
618 2079 740 2127 dare
771 2094 955 2127 nornen
981 2079 1209 2138 idoneuS,
1237 2087 1293 2126 ut
1318 2094 1409 2126 nec

131 2144 390 2209 Frigidior
415 2146 669 2195 Thracam
700 2162 791 2195 nec
818 2148 994 2210 purior
1019 2147 1215 2195 ambiat
1242 2147 1465 2207 Hebrus,

129 2213 340 2263 Infirmo
366 2214 521 2277 capiti
551 2213 662 2261 fluit
691 2215 847 2273 utilis,
870 2215 1013 2263 utilis
1039 2215 1167 2263 alvo.

130 2280 245 2329 Hae
270 2281 494 2330 latebrae
523 2282 713 2339 dulces,
745 2283 917 2340 etiam,
948 2283 990 2330 si
1018 2283 1198 2341 credis,
1227 2298 1483 2340 amoenae,
1647 2281 1706 2326 15

126 2347 443 2397 Incolumem
469 2349 563 2397 tibi
590 2365 670 2397 me
699 2355 966 2412 praestant
994 2349 1376 2413 Septembribus
1403 2349 1557 2399 horis,

193 2482 272 2532 Tu
297 2490 430 2533 recte
460 2484 607 2541 vivis,
637 2485 681 2532 si
710 2500 859 2533 curas
886 2500 998 2533 esse
1027 2486 1161 2548 quod
1190 2485 1349 2533 audis.

123 2550 393 2599 Jactamus
422 2552 733 2615 jampridem
764 2553 930 2600 omnis
957 2559 1007 2600 te
1037 2553 1204 2600 Roma
1229 2553 1467 2612 beatum3

125 2617 226 2667 Sed
255 2635 431 2667 vereor
459 2635 519 2667 ne
548 2620 627 2668 cui
653 2621 715 2668 de
742 2626 790 2668 te
818 2620 933 2683 plus
960 2636 1112 2684 quam
1141 2620 1232 2668 tibi
1260 2620 1451 2677 credas,

171 2761 220 2797 35
240 2761 381 2808 agnini
437 2763 484 2799 37
497 2766 717 2822 correptus,
731 2766 929 2799 corrector
944 2762 1155 2799 Lambinua
1207 2764 1250 2798 41
1272 2762 1395 2797 vulva
1448 2760 1465 2795 1
1488 2759 1648 2803 Quincti

169 2811 194 2848 2
214 2811 345 2849 baccis
411 2813 433 2848 3
453 2816 493 2848 et
512 2817 640 2862 pratis
704 2815 725 2849 5
747 2813 779 2849 si
846 2814 866 2851 7
888 2814 1132 2850 descendens
1202 2814 1223 2848 8
1244 2813 1429 2859 benigne,
1450 2811 1649 2858 benignae

322 2863 344 2899 9
365 2862 507 2909 serent,
528 2863 663 2899 serunt
682 2877 700 2899 e
722 2865 821 2900 coni.
927 2866 949 2900 9
969 2868 1009 2900 et
1028 2875 1197 2913 quercus
1304 2864 1349 2899 10
1370 2863 1484 2898 iuvat

528 2914 576 2949 14
596 2918 716 2964 aptus
736 2918 776 2950 et
795 2914 908 2950 utilis
1015 2915 1061 2950 15
1081 2918 1134 2960 et,
1155 2914 1235 2950 iam
1256 2913 1291 2949 si
