1878 3054
220 165 323 220 176
661 181 903 220 HORA'H
945 181 1314 223 SATIRARVM

218 311 413 360 Doctus
436 312 536 359 eris
560 313 732 360 vivam
758 314 920 361 mixto
945 329 1164 362 mersare
1191 313 1405 363 Falerno
1425 333 1437 378 3

219 379 333 427 Hoc
357 386 582 426 teneram
612 380 775 427 faciet.
851 380 1184 428 Pratensibus
1212 383 1404 445 optima
1430 384 1603 446 fungis
1697 381 1758 427 20

217 445 419 493 Natura
442 452 550 506 est3
588 447 702 493 aliis
729 447 858 494 male
886 448 1118 495 creditur.
1192 448 1285 496 Ille
1310 451 1537 499 salubres

216 513 460 560 Aestates
484 519 705 576 peraget,
734 514 819 575 qui
848 514 1007 576 nigris
1034 516 1243 577 prandia
1268 518 1421 565 moris

217 579 401 637 Finiet,
430 586 546 627 ante
574 596 781 642 gravem
810 596 936 642 quae
965 582 1145 644 legerit
1170 584 1343 632 arbore
1369 585 1540 634 solem.

216 648 454 695 Aufidius
479 648 595 694 forti
621 648 868 695 miscebat
893 649 1045 696 mella
1070 650 1301 710 Falerno,

216 714 476 773 Mendose,
505 715 746 777 quoniam
776 716 950 762 vacuis
977 718 1292 766 committere
1320 719 1463 767 venis
1696 714 1756 760 25

215 780 303 828 Nil
329 782 427 829 nisi
453 783 563 829 lene
590 782 762 842 decet;
802 783 900 829 leni
927 785 1220 846 praecordia
1243 787 1408 834 mulso

216 848 474 897 Prolueris
498 850 692 897 melius.
768 849 822 896 Si
849 851 975 898 dura
999 852 1280 900 morabitur
1303 853 1466 913 alvus,

214 914 433 964 Mitulus
457 923 509 964 ct
535 917 662 964 viles
686 917 877 980 pellent
902 919 1164 966 obstantia
1188 920 1408 967 conchae

215 981 284 1029 Et
308 983 503 1045 lapathi
528 985 697 1031 brevis
727 984 895 1043 herba,
924 986 1013 1033 sed
1038 986 1152 1033 albo
1177 1001 1278 1033 non
1302 987 1411 1034 sine
1440 987 1560 1035 Coo.

214 1047 435 1098 Lubrica
460 1058 724 1099 nascentes
751 1051 962 1115 implent
986 1053 1255 1116 conchylia
1278 1054 1426 1102 lunae
1448 1070 1460 1115 ;
1694 1050 1757 1095 30

215 1115 314 1164 Sed
341 1133 440 1164 non
465 1134 610 1165 omne
636 1134 773 1165 mare
800 1125 878 1166 est
902 1135 1177 1181 generosae
1203 1121 1366 1168 fertile
1391 1126 1554 1169 testae
1575 1138 1588 1182 ;

212 1182 405 1231 Murice
432 1185 626 1232 Baiano
652 1186 828 1233 melior
855 1186 1077 1234 Lucrina
1100 1188 1300 1250 peloris,

213 1249 396 1298 Ostrea
423 1252 645 1309 Circeiis,
675 1253 874 1300 Miseno
902 1254 1132 1301 oriuntur
1156 1255 1336 1313 echini,

213 1316 509 1366 Pectinibus
535 1320 724 1381 patulis
751 1321 913 1380 jactat
937 1335 991 1368 se
1018 1321 1166 1369 molle
1193 1322 1485 1370 Tarentum.

277 1451 383 1500 Nec
409 1453 503 1500 sibi
529 1469 768 1502 cenarum
795 1454 962 1517 quivis
985 1459 1175 1503 temere
1201 1461 1403 1518 arroget
1429 1461 1607 1514 artem,
1693 1451 1755 1496 35

210 1518 328 1566 Non
353 1521 494 1582 prius
518 1528 696 1568 exacta
720 1523 861 1568 tenui
888 1522 1082 1570 ratione
1108 1537 1374 1586 saporum3

212 1585 320 1634 Nec
345 1588 471 1634 satis
496 1593 576 1635 est
593 1603 718 1638 ¹cara
741 1589 906 1651 pisces
932 1604 1160 1637 averrere
1185 1605 1361 1637 mensa

211 1652 454 1714 Ignarum
481 1655 666 1716 quibus
690 1661 770 1702 est
799 1657 886 1717 Jus
912 1656 1083 1718 aptius
1109 1662 1160 1704 et
1184 1657 1368 1719 quibus
1394 1657 1526 1704 assis

212 1720 511 1782 Languidus
538 1722 588 1768 in
613 1723 842 1769 cubitum
872 1724 979 1784 jam
1007 1738 1060 1770 se
1086 1724 1302 1771 conviva
1324 1729 1546 1787 reponet.
1642 1771 1650 1780 ,

212 1786 403 1834 Umber
426 1793 476 1835 et
501 1788 659 1850 iligna
683 1789 908 1836 nutritus
933 1790 1117 1852 glande
1142 1791 1385 1838 rotundas
1694 1785 1756 1829 40

212 1853 404 1902 Curvat
430 1871 550 1918 aper
575 1856 742 1903 lances
767 1871 970 1903 carnem
998 1858 1208 1905 vitantis
1232 1858 1476 1918 inertem;

209 1919 343 1968 Nam
373 1921 602 1970 Laurens
628 1924 794 1970 malus
819 1928 912 1982 est,
940 1924 1074 1971 ulvis
1099 1929 1151 1972 et
1175 1926 1422 1972 arundine
1447 1924 1692 1987 pinguis,

210 1987 377 2035 Vinea
401 1990 656 2036 submittit
680 2005 886 2053 capreas
910 2006 1011 2038 non
1037 2005 1233 2055 semper
1255 1992 1442 2039 edules,

209 2054 476 2107 Fecundae
503 2056 687 2118 leporis
714 2058 915 2119 sapiens
943 2059 1220 2105 sectabitur
1245 2073 1425 2105 armos,

212 2120 442 2171 Piscibus
468 2128 617 2185 atque
645 2124 823 2170 avibus
850 2140 978 2186 quae
1005 2130 1188 2172 natura
1212 2130 1263 2172 et
1287 2126 1415 2172 foret
1438 2129 1592 2183 aetaS,
1693 2117 1754 2162 45

211 2188 349 2236 Ante
376 2204 542 2236 meum
569 2190 692 2236 nulli
718 2191 886 2251 patuit
911 2191 1145 2253 quaesita
1168 2192 1408 2254 palatum.

212 2254 342 2301 Sunt
367 2271 579 2316 quorum
605 2257 863 2318 ingenium
893 2273 1028 2305 nova
1050 2263 1250 2305 tantum
1277 2258 1502 2306 crustula
1525 2258 1727 2319 promit.

210 2320 545 2384 Nequaquam
571 2325 697 2370 satis
724 2325 775 2370 in
802 2340 852 2371 re
881 2340 982 2371 una
1006 2339 1299 2372 consumere
1325 2339 1511 2381 curam,

212 2388 285 2435 Ut
310 2388 349 2435 si
377 2390 490 2451 quis
516 2391 679 2437 solum
707 2391 813 2449 hoc,
843 2392 977 2439 mala
1002 2407 1063 2438 ne
1090 2393 1193 2439 sint
1219 2393 1352 2451 vina,
1378 2391 1585 2450 laboret,

211 2455 361 2515 Quali
386 2457 655 2518 perfundat
679 2460 842 2520 pisces
869 2474 1074 2507 securus
1100 2459 1245 2506 olivo.
1689 2448 1752 2494 50

209 2521 433 2570 Massica
459 2525 501 2570 si
525 2525 663 2571 caelo
691 2541 947 2588 supponas
975 2527 1094 2573 vina
1118 2540 1309 2583 sereno,

209 2588 486 2648 Nocturna,
515 2593 557 2638 si
583 2593 704 2654 quid
732 2595 888 2640 crassi
914 2599 1007 2649 est,
1037 2593 1331 2640 tenua-bitur
1355 2607 1489 2650 aura,

210 2654 278 2702 Et
302 2658 509 2705 decedet
533 2660 655 2706 odor
679 2661 850 2706 nervis
878 2661 1141 2720 inimicus3
1179 2665 1232 2706 at
1255 2659 1343 2706 illa

210 2722 474 2786 Integrum
499 2727 719 2788 perdunt
745 2727 846 2773 lino
872 2727 1055 2774 vitiata
1079 2741 1322 2789 saporem.

345 2841 393 2879 37
412 2845 591 2879 avertere
694 2844 740 2880 39
762 2844 920 2893 reponit
1020 2844 1066 2880 41
1088 2846 1227 2880 curvet
1327 2842 1376 2878 42
1393 2841 1620 2878 harundine

631 2894 684 2929 44
702 2894 861 2929 fecundi
1067 2894 1112 2929 51
1134 2904 1334 2943 suppones
