1878 3054
698 148 823 190 ΜΒ.
861 150 949 191 1v.
990 138 1135 189 9-11
1602 141 1709 194 105

405 280 615 331 Chattis
650 281 942 330 inornatum
981 282 1156 343 silebo,
1200 302 1202 304 ·

470 348 635 396 Totve
672 354 789 397 tuos
826 350 996 413 patiar
1032 350 1235 400 labores

336 415 570 478 Impune,
610 415 759 473 Lolli,
799 431 1005 480 carpere
1043 417 1232 467 lividas

338 481 650 532 OblivioneS.
722 483 822 532 Est
858 485 1061 533 animus
1097 486 1191 534 tibi

402 549 696 614 Rerumque
733 552 958 614 prudens
996 558 1048 600 et
1088 556 1327 604 secundis
1651 567 1712 614 35

471 617 806 682 Temporibus
843 620 1113 685 dubiisque
1149 629 1334 684 rectuS,

334 684 543 734 Vindex
579 701 765 734 avarae
802 688 1013 748 fraudis,
1051 696 1104 737 et
1141 692 1406 740 abstinens

337 753 583 802 Ducentis
619 755 684 802 ad
720 770 775 803 se
813 764 996 804 cuncta
1030 760 1293 822 pecuniae,

405 820 698 886 consulque
733 838 836 872 non
874 826 1028 873 unius
1065 827 1199 887 anni,

471 888 573 937 Sed
599 891 837 953 quotiens
868 895 1035 942 bonus
1063 900 1213 958 atque
1240 894 1374 944 fidus
1647 903 1710 948 40

334 955 510 1005 «Iudex
546 957 822 1007 honestum
863 963 1111 1025 praetulit
1146 963 1276 1023 utili,
1634 996 1637 997 ν

338 1023 537 1086 Rejecit
571 1026 676 1073 alto
714 1028 854 1076 dona
890 1031 1180 1078 nocentium

405 1092 581 1153 Voltu‚
618 1110 708 1158 per
747 1096 1013 1146 obstantes
1049 1104 1285 1147 catervas

471 1161 736 1224 Explicuit
776 1180 871 1212 sua
906 1166 1071 1213 victor
1107 1181 1263 1214 arma.

337 1227 458 1276 Non
492 1230 843 1292 possidentem
882 1233 1044 1281 multa
1081 1234 1348 1282 vocaveris
1647 1242 1707 1288 45

339 1294 501 1344 Recte
537 1297 780 1361 beatum3
818 1300 1005 1348 rectius
1042 1306 1255 1365 occupat

404 1362 606 1413 Nomen
644 1367 794 1425 beati,
834 1368 921 1430 qui
958 1369 1170 1416 deorum

472 1431 775 1482 Muneribus
814 1436 1068 1497 sapienter
1104 1436 1179 1483 uti

338 1495 635 1563 Duramque
672 1502 824 1550 callet
859 1504 1157 1566 pauperiem
1192 1502 1316 1567 pati,

340 1565 593 1632 Pejusque
629 1569 730 1618 leto
770 1569 1022 1633 flagitium
1060 1571 1222 1631 timet,
1646 1578 1708 1624 50

406 1634 527 1684 Non
561 1636 645 1685 ille
682 1651 774 1700 pro
812 1639 944 1686 caris
983 1639 1162 1687 amicis

474 1703 588 1752 Aut
622 1705 793 1767 patria
830 1706 1043 1754 timidus
1077 1706 1257 1771 perire.

892 1847 960 1897 X.

208 1937 255 1989 Ο
279 1939 497 1989 crudelis
523 1940 688 1989 adhuc
715 1946 768 1989 et
795 1938 1015 1988 Veneris
1042 1939 1339 1988 muneribus
1362 1942 1561 2003 potens,

207 2005 476 2070 Insperata
499 2013 618 2057 tuae
646 2024 761 2057 cum
792 2007 963 2055 veniet
988 2007 1164 2071 pluma
1189 2007 1472 2070 superbiae,

208 2073 280 2123 Et
303 2089 432 2138 quae
458 2091 591 2125 nunc
617 2076 844 2125 humeris
874 2075 1150 2123 involitant
1175 2074 1455 2123 deciderint
1479 2086 1670 2132 comae,

207 2141 360 2191 Nunc
387 2150 438 2193 et
463 2144 551 2210 qui
578 2145 714 2194 color
737 2152 817 2195 est
843 2143 1088 2207 puniceae
1115 2141 1233 2190 flore
1258 2143 1396 2206 prior
1419 2156 1564 2189 rosae

209 2208 446 2260 Mutatus
471 2212 778 2277 Ligurinum
813 2213 865 2260 in
891 2212 1071 2260 faciem
1100 2210 1311 2259 verterit
1336 2209 1609 2272 hispidam,
1681 2215 1707 2260 5

211 2275 380 2337 Dices
409 2280 521 2338 heu,
549 2283 786 2345 quotiens
812 2287 863 2330 te
895 2281 1099 2344 speculo
1129 2278 1320 2327 videris
1346 2278 1576 2331 alterum,

212 2348 241 2370 ‘⁸
259 2345 400 2407 Quae
426 2363 570 2397 mens
594 2355 674 2399 est
700 2349 865 2408 hodie,
894 2363 982 2396 cur
1008 2349 1187 2397 eadem
1214 2362 1315 2394 non
1341 2358 1497 2408 puero
1523 2340 1656 2390 fuit?

211 2410 311 2461 Vel
335 2427 425 2462 cur
449 2414 532 2466 his
557 2417 742 2466 animis
770 2416 1050 2465 incolumes
1076 2431 1177 2465 non
1205 2414 1422 2463 redeunt
1446 2426 1607 2474 genae
1624 2408 1645 2457 2
1661 2409 1691 2437 '’

879 2557 977 2607 XI.

344 2649 443 2699 Est
476 2651 603 2703 mihi
642 2667 829 2700 nonum
870 2651 1158 2714 superantis
1198 2665 1386 2699 annum

346 2714 536 2767 Plenus
574 2718 766 2767 Albani
802 2718 991 2780 cadus3
1027 2724 1109 2766 est
1147 2718 1198 2766 in
1238 2718 1400 2777 hort0,

272 2831 319 2870 81
339 2833 450 2872 sileri
526 2836 571 2872 41
595 2836 684 2872 utili
706 2839 746 2872 et
826 2836 873 2872 43
895 2827 1009 2873 rultu
1089 2836 1136 2871 43
1160 2839 1198 2871 ct
1234 2847 1290 2871 ›er
1371 2834 1417 2870 52
1437 2832 1588 2885 peribit

601 2887 623 2921 5
641 2886 867 2934 ,Ligur-ine,
990 2886 1012 2922 6
1032 2885 1073 2921 in
1096 2897 1215 2931 specu
1234 2896 1257 2920 o
