1878 3054
750 147 873 188 mn.
913 147 983 186 11.
1026 134 1060 185 5
1582 134 1682 188 179

116 285 476 338 Insidiatorem
500 296 741 346 praeroso
768 281 955 343 fugerit
981 280 1148 338 hamo,
1621 281 1682 327 25

116 355 227 402 Διιι
250 368 394 417 spem
416 351 642 414 deponas
668 354 758 396 aut
783 356 942 396 artem
967 349 1149 394 illusus
1175 347 1397 396 omittas.

117 421 312 484 Magna
333 420 563 468 minorve
590 417 698 467 foro
723 417 767 463 si
791 431 872 463 res
899 416 1175 463 certabitur
1199 415 1335 474 olim,

117 489 276 537 Vivet
298 494 415 536 uter
438 485 662 548 locuples
688 485 797 531 sine
824 483 1014 545 gnatis,
1041 483 1317 545 improbus,
1345 482 1482 529 ultro

118 556 218 619 Qui
241 555 502 603 meliorem
528 552 698 600 audax
723 557 871 599 vocet
896 551 948 597 in
977 552 1078 612 Jus,
1107 550 1244 597 illius
1269 555 1380 597 esto

115 623 395 684 Defensor3
431 620 568 669 fama
594 620 758 667 civem
784 634 1039 681 causaque
1064 618 1285 681 priorem
1621 616 1683 662 30

117 689 320 755 Sperne,
347 688 485 737 domi
510 688 554 736 si
581 692 773 750 gnatus
798 687 894 734 erit
918 687 1201 734 fecundave
1227 686 1463 746 conjunx.

117 762 147 783 ‘⁸
163 758 402 820 Quinte‚'’
443 761 585 819 puta,
631 759 719 802 aut
764 757 791 778 “
811 754 1014 813 Publi,''
1060 753 1315 818 (gaudent
1355 752 1682 815 praenomine

311 824 490 872 molles

33 903 38 906 ·
115 892 415 951 Auriculae)
445 895 472 916 “
490 890 585 939 tibi
610 905 691 938 me
717 889 883 937 virtus
908 893 1000 937 tua
1024 887 1146 937 fecit
1171 887 1421 948 amicum3

113 960 213 1009 Jus
236 975 420 1023 anceps
444 958 581 1016 novi,
608 972 791 1006 causas
817 957 1085 1004 defendere
1110 971 1319 1019 possum
1338 993 1353 1017 ,

114 1027 315 1091 Eripiet
338 1027 508 1090 quivis
533 1026 708 1074 oculos
733 1024 885 1072 citius
909 1024 1051 1082 mihi,
1080 1039 1234 1087 quam
1261 1030 1309 1071 te
1619 1025 1682 1075 35

116 1094 481 1158 Contemptum
505 1108 653 1141 cassa
677 1107 804 1139 nuce
828 1097 1075 1155 pauperet
1095 1109 1107 1153 ;
1145 1092 1268 1139 haec
1292 1106 1407 1137 mea
1437 1104 1559 1136 cura
1584 1094 1678 1147 est,

113 1161 192 1211 Ne
216 1163 336 1226 quid
360 1168 418 1210 tu
441 1161 640 1224 perdas,
668 1175 768 1207 neu
794 1160 865 1206 sis
893 1160 1090 1221 jocus.''
1160 1159 1242 1206 Ire
1270 1159 1478 1206 domum
1506 1163 1657 1219 atque

115 1229 413 1279 Pelliculam
438 1244 614 1277 curare
643 1228 766 1290 jube
788 1244 799 1288 ;
837 1226 869 1273 fi
895 1227 1127 1289 cognitor
1151 1227 1272 1290 ipse.

115 1296 299 1346 Persta
322 1302 476 1360 atque
502 1296 709 1354 obdura,
738 1309 830 1342 seu
853 1295 1017 1342 rubra
1055 1293 1311 1342 Canicula
1338 1291 1511 1355 findet

115 1363 352 1428 Infantes
376 1369 587 1422 statuas,
616 1378 707 1411 seu
730 1361 914 1425 pingui
940 1366 1113 1409 tentus
1140 1376 1316 1409 omaso
1451 1404 1453 1406 .
1621 1368 1683 1414 40

114 1430 300 1480 Furius
322 1432 568 1480 hibernas
594 1445 724 1478 cana
748 1431 865 1476 nive
891 1434 1135 1491 conspuet
1159 1429 1333 1491 Alpes.

115 1503 144 1526 ‘⁸
162 1499 344 1548 Nonne
369 1498 565 1557 vides,''
591 1497 774 1560 aliquis
800 1496 971 1544 cubito
997 1503 1219 1544 stantem
1245 1510 1400 1559 prope
1426 1498 1647 1556 tangens

25 1616 28 1617 γ
114 1565 333 1631 Inquiet‚
362 1570 390 1591 ‘⁴
410 1572 468 1614 ut
490 1563 722 1630 patiens!
760 1569 818 1611 ut
844 1564 1022 1611 amicis
1049 1562 1227 1627 aptus!
1268 1567 1326 1610 ut
1350 1577 1464 1610 acer
1481 1561 1491 1610 1
1509 1564 1536 1588 ''
1594 1588 1596 1591 ·

115 1633 294 1683 Plures
318 1633 584 1682 adnabunt
607 1631 794 1680 thunni
819 1636 870 1679 et
894 1632 1084 1680 cetaria
1110 1635 1351 1679 crescent.

182 1774 238 1824 Si
261 1775 343 1824 cui
367 1779 631 1838 praeterea
654 1772 860 1820 validus
886 1773 1017 1820 male
1044 1772 1178 1820 filius
1203 1772 1255 1819 in
1280 1787 1332 1819 re
1622 1769 1684 1816 45

116 1843 383 1892 Praeclara
409 1842 644 1890 sublatus
670 1840 847 1897 aletur,
877 1855 938 1886 ne
964 1841 1294 1887 manifestum

117 1909 338 1959 caelibis
362 1909 665 1972 obsequium
691 1906 850 1954 nudet
874 1912 940 1966 te,
968 1907 1148 1954 leniter
1173 1907 1226 1953 in
1253 1922 1395 1968 spem

116 1977 319 2040 Adrepe
345 1976 612 2034 officiosus,
640 1979 697 2022 ut
719 1979 772 2022 et
798 1974 1016 2022 scribare
1044 1975 1298 2022 secundus

119 2042 298 2103 Heres,
323 2050 390 2101 et,
420 2044 462 2091 si
487 2044 601 2107 quis
626 2056 775 2090 casus
799 2056 1012 2104 puerum
1039 2043 1203 2104 egerit
1230 2041 1377 2100 OrcO,

118 2111 182 2160 In
205 2126 423 2160 vacuum
451 2111 656 2158 venias:
692 2123 899 2172 perraro
927 2109 1051 2158 haec
1079 2110 1189 2157 alea
1215 2109 1359 2157 fallit.
1620 2106 1684 2154 50

120 2179 217 2242 Qui
242 2184 608 2228 testamentum
634 2176 804 2225 tradet
829 2177 923 2224 tibi
949 2193 1162 2241 cumque
1188 2176 1478 2239 legendum,

119 2245 359 2295 Abnuere
383 2251 435 2294 et
458 2246 661 2293 tabulas
688 2259 718 2291 a
742 2248 793 2291 te
820 2258 1079 2293 removere
1107 2250 1377 2302 mementO,

122 2312 206 2362 Sic
229 2319 416 2372 tamen,
445 2319 502 2361 ut
526 2313 663 2360 limis
689 2311 875 2372 rapias,
903 2312 1024 2375 quid
1049 2313 1214 2375 prima
1240 2311 1463 2359 secundo

122 2379 251 2430 Cera
275 2379 397 2428 velit
422 2396 605 2441 versu3
642 2379 782 2427 solus
810 2380 1048 2427 multisne
1075 2379 1297 2437 coheres,

123 2446 300 2496 Veloci
324 2462 555 2511 percurre
580 2448 739 2495 oculo.
822 2447 1127 2509 Plerumque
1154 2451 1382 2494 recoctus
1622 2442 1682 2490 55
1722 2453 1729 2457 ’

125 2513 301 2563 Scriba
323 2530 386 2562 ex
411 2515 748 2577 quinqueviro
774 2530 981 2564 corvum
1008 2514 1214 2562 deludet
1240 2513 1480 2570 hiantem,

124 2580 463 2644 captatorque
489 2582 631 2629 dabit
656 2583 788 2631 risus
813 2583 860 2630 N
867 2582 1004 2629 asica
1031 2581 1242 2629 Corano,

87 2698 100 2707 ,
134 2648 267 2697 Uli-v.
288 2648 426 2696 Num
446 2648 608 2697 suris?
631 2665 694 2697 an
710 2650 930 2713 prudens
950 2649 1085 2696 ludis
1101 2663 1179 2694 mc
1196 2648 1408 2694 obscura
1424 2641 1687 2693 canendo?

135 2714 242 2765 Ter.
271 2714 315 2764 O
343 2715 625 2775 Laertiade,
651 2717 889 2780 quicquid
915 2716 1080 2764 dicam
1106 2721 1196 2762 aut
1220 2714 1315 2761 erit
1342 2718 1432 2760 aut
1458 2726 1558 2759 non
1575 2738 1587 2759 a

377 2846 425 2883 ³6
444 2858 593 2898 quassa
696 2848 743 2884 38
764 2848 819 2884 sis
925 2847 973 2883 63
991 2846 1111 2882 limus
1215 2844 1263 2880 56
1284 2842 1440 2880 deludit
