1878 3054
680 147 806 189 ms.
847 148 916 188 11.
957 133 1041 199 12,
1062 134 1139 186 13
1625 131 1698 185 55

830 404 991 454 XIII.

325 527 422 577 Ille
456 530 511 575 et
546 525 746 574 nefasto
782 528 834 572 te
870 523 1046 588 posuit
1082 523 1177 583 die,

331 595 652 657 Quicumque
676 592 917 656 primum,
945 596 997 639 et
1024 592 1277 655 sacrilega
1298 607 1459 641 manu

396 661 660 719 Produxit‚
701 659 867 718 arbOS,
908 659 963 706 in
1000 664 1246 722 nepotum

464 728 752 777 Perniciem
792 726 1223 790 opprobriumque
1257 729 1408 793 pagi;

326 796 483 846 Illum
518 799 572 843 et
606 794 836 859 parentis
875 794 1179 842 crediderim
1218 796 1297 842 sui
1669 792 1698 839 5

328 863 566 926 Fregisse
601 863 865 921 cervicem,
905 867 958 909 et
991 863 1275 926 penetralia

396 930 661 994 Sparsisse
700 935 954 978 nocturno
993 945 1169 978 cruore

462 997 736 1062 Hospitis;
772 997 857 1044 ille
901 1013 1096 1045 venena
1135 997 1330 1046 Colcha

326 1066 401 1114 Et
424 1065 665 1129 quicquid
690 1079 910 1128 usquam
938 1065 1220 1127 concipitur
1242 1066 1388 1114 nefas

326 1133 607 1191 Tracfiavit,
647 1148 770 1196 agro
808 1133 895 1196 qui
934 1133 1118 1180 statuit
1153 1148 1267 1181 meo
1638 1129 1700 1177 10

395 1200 482 1258 Te,
519 1201 668 1249 triste
704 1200 921 1263 lignum,
962 1205 1012 1248 te
1049 1201 1296 1248 caducum

462 1268 526 1316 In
561 1268 756 1316 domini
795 1272 951 1331 caput
986 1267 1316 1317 immerentis.

328 1336 467 1398 Quid
490 1336 705 1399 quisque
732 1335 879 1394 vitet,
910 1350 1191 1398 numquam
1219 1335 1413 1384 homini
1439 1337 1569 1385 satis

329 1403 554 1453 Cautum
579 1408 660 1451 est
683 1403 734 1450 in
764 1403 948 1451 horas:
986 1404 1168 1451 navita
1195 1403 1484 1468 Bosporum

392 1471 599 1519 Poenus
633 1470 995 1534 perhorrescit,
1037 1486 1199 1534 neque
1237 1472 1374 1520 ultra
1638 1466 1699 1514 15

462 1538 628 1587 Caeca
661 1538 813 1586 timet
855 1538 1058 1585 aliunde
1095 1538 1216 1598 fata,

325 1605 481 1654 Miles
517 1606 739 1668 sagittas
778 1610 831 1653 et
871 1606 1084 1653 celerem
1121 1606 1298 1668 fugam

326 1672 522 1732 Parthi,
549 1679 759 1722 catenas
790 1673 1020 1721 Parthus
1045 1678 1098 1721 et
1123 1673 1316 1722 Italum

394 1739 603 1802 Robur;
641 1741 731 1788 sed
772 1741 1055 1804 improvisa
1091 1741 1182 1789 leti

463 1807 562 1855 Vis
596 1808 769 1871 rapuit
809 1807 1074 1871 rapietque
1111 1813 1307 1870 gentes.
1637 1804 1700 1851 20

329 1873 496 1935 Quam
520 1890 681 1937 paene
708 1875 891 1922 furvae
920 1889 1081 1938 regna
1109 1875 1446 1941 Proserpinae

329 1940 402 1989 Et
427 1942 743 2003 judicantem
786 1941 1012 1996 vidimus
1050 1943 1298 2004 Aeacum,

399 2007 659 2073 Sedesque
699 2010 950 2058 discretas
987 2010 1203 2072 piorum,
1240 2016 1294 2060 et

468 2076 665 2125 Aeoliis
703 2077 889 2126 fidibus
927 2083 1220 2140 querentem

332 2140 542 2207 Sappho
577 2145 759 2208 puellis
796 2145 859 2193 de
896 2145 1242 2209 popularibus,
1636 2138 1699 2186 25

331 2209 404 2259 Et
438 2216 487 2259 te
524 2216 793 2260 sonantem
834 2212 1042 2275 plenius
1073 2229 1241 2274 aureo,

400 2277 606 2338 Alcaee,
643 2280 835 2343 plectro
876 2280 1004 2327 dura
1039 2282 1202 2340 navis,

471 2344 614 2394 Dura
649 2347 800 2410 fugae
842 2347 993 2406 mala,
1033 2348 1161 2397 dura
1196 2347 1344 2399 belli!

332 2412 622 2477 Utrumque
660 2430 802 2462 sacro
845 2415 1004 2478 digna
1040 2415 1242 2464 silentio

331 2481 592 2530 Mirantur
616 2483 825 2531 umbrae
856 2482 1051 2544 dicere;
1089 2484 1178 2532 sed
1203 2484 1373 2547 magis
1633 2474 1697 2521 3⁰

401 2549 616 2611 Pugnas
651 2556 704 2599 et
740 2557 948 2600 exactos
984 2559 1238 2614 tyrannos

467 2617 696 2666 Densum
723 2619 951 2667 humeris
975 2619 1105 2667 bibit
1131 2634 1249 2667 aure
1277 2619 1474 2681 volgus.

332 2682 470 2745 Quid
498 2686 697 2742 mirum,
726 2686 811 2733 ubi
838 2686 941 2733 illis
968 2687 1276 2734 carminibus
1303 2691 1514 2751 stupens

334 2749 574 2800 Demittit
609 2758 747 2801 atras
783 2753 933 2800 belua
968 2755 1221 2818 centiceps

181 2888 205 2926 8
223 2889 410 2928 Colchica
461 2892 510 2928 23
530 2892 758 2943 discriptas,
779 2893 1001 2943 descriptas
1054 2894 1102 2931 28
1123 2895 1256 2943 fugae,
1276 2896 1385 2931 mala
1437 2894 1486 2931 34
1504 2893 1640 2930 bellua
