1846 3034
790 187 912 227 mn.
955 188 1024 227 11.
1065 177 1097 228 2
1420 175 1428 182 '
1621 178 1721 231 231

149 322 438 386 Ingenium,
465 322 564 371 sibi
588 322 724 385 quod
749 336 942 370 vacuas
967 323 1255 387 desumpsit
1280 324 1535 385 AthenaS,

150 390 221 439 Et
245 391 434 438 studiis
459 405 622 438 annos
647 395 844 453 septem
871 390 1032 450 dedit,
1054 390 1380 454 insenuitque

151 458 324 506 Libris
349 463 402 506 et
426 458 577 516 curis,
606 462 780 506 statua
805 458 1111 505 taciturnius
1136 459 1242 505 exit

151 525 461 591 Plerumque
486 530 538 573 et
562 525 669 572 risu
693 525 937 588 populum
964 526 1160 588 quatit:
1198 526 1280 574 hic
1305 541 1400 589 ego
1424 542 1594 575 rerum

150 592 420 641 Fluctibus
445 593 499 641 in
524 593 706 640 mediis
731 601 784 640 et
807 593 1200 655 tempestatibus
1226 594 1366 641 urbis
1665 597 1726 644 85

149 659 324 709 Verba.
346 661 489 725 lyrae
513 666 718 708 motura
744 675 928 708 sonum
953 666 1250 710 connectere
1279 661 1504 725 digner?

218 795 401 845 Frater
425 801 535 844 erat
561 797 760 844 Romae
787 796 1007 844 consulti
1032 797 1218 856 rhetor,
1246 801 1305 844 ut
1330 797 1460 847 alter

151 865 382 915 Alterius
408 879 638 912 sermone
665 879 833 912 meros
862 865 1061 912 audiret
1085 865 1318 923 honores

151 932 413 983 Gracchus
438 936 496 980 ut
522 931 603 980 hic
628 932 716 991 illi,
747 933 878 980 foret
903 932 1022 980 huic
1046 938 1104 980 ut
1130 933 1338 980 Mucius
1361 932 1463 983 ille.

152 1001 253 1062 Qui
276 1000 448 1047 minus
474 1004 686 1062 argutos
714 1004 867 1047 vexat
893 1000 1032 1047 furor
1056 1000 1154 1048 iste
1179 999 1399 1063 poetas?
1667 1004 1728 1050 90

152 1068 394 1117 Carmina
417 1082 679 1130 compono,
708 1067 791 1115 hie
817 1067 1003 1130 elegos.
1080 1068 1357 1116 “Mirabile
1383 1069 1503 1117 visu

153 1135 520 1198 Caelatumque
547 1150 731 1182 novem
758 1134 929 1183 Musis
956 1151 1086 1198 opus
1104 1133 1114 1183 l
1135 1137 1162 1163 '²
1233 1136 1427 1199 Aspice
1454 1137 1690 1200 primum,

152 1203 360 1265 Quanto
385 1218 499 1251 cum
524 1203 675 1261 fastu,
706 1208 898 1265 quanto
924 1204 1185 1251 molimine
1211 1204 1421 1251 circum-

153 1270 452 1334 Spectemus
476 1286 691 1318 vacuam
721 1270 977 1318 Romanis
1006 1271 1211 1318 vatibus
1237 1272 1447 1321 aedem:

150 1337 275 1386 Mox
298 1338 470 1396 etiam,
498 1338 541 1386 si
566 1338 696 1386 forte
723 1354 893 1398 vacaS,
924 1353 1132 1402 sequere
1158 1343 1210 1386 et
1234 1341 1410 1402 procul
1437 1340 1575 1400 audi,
1667 1342 1727 1389 95

153 1406 290 1468 Quid
316 1406 446 1453 ferat
470 1410 522 1453 et
546 1421 702 1469 quare
731 1406 827 1453 sibi
855 1412 1027 1454 nectat
1053 1412 1264 1469 uterque
1292 1423 1543 1455 coronam.

152 1473 428 1523 Caedimur
452 1478 506 1521 et
530 1474 744 1522 totidem
772 1473 942 1537 plagis
969 1475 1320 1522 consumimus
1347 1475 1548 1523 hostem

151 1539 317 1589 Lento
342 1540 599 1589 Samnites
625 1542 689 1589 ad
715 1542 911 1589 lumina
935 1542 1098 1605 prima
1123 1542 1305 1592 duello,

150 1607 373 1657 Discedo
398 1609 622 1657 Alcaeus
648 1614 841 1672 puncto
869 1609 1037 1671 illius3
1074 1610 1158 1657 ille
1184 1623 1296 1658 meo
1322 1608 1475 1674 quis?

152 1675 278 1737 Quis
304 1676 402 1723 nisi
430 1675 815 1725 Callimachus?
891 1676 944 1725 si
970 1677 1086 1740 plus
1114 1678 1387 1740 adposcere
1415 1679 1574 1738 visus,
1633 1679 1727 1728 100

150 1742 237 1793 Fit
262 1743 599 1791 Mimnermus
624 1749 676 1791 et
702 1744 879 1806 optivo
905 1744 1204 1806 cognomine
1231 1746 1425 1794 crescit.

150 1809 322 1858 Multu
349 1811 468 1869 sero,
497 1815 554 1858 ut
575 1811 771 1875 placem
801 1826 964 1874 genus
991 1812 1234 1859 irritabile
1263 1818 1452 1871 vatum,

152 1877 282 1927 Cum
310 1878 475 1926 scribo
498 1884 551 1926 et
577 1885 791 1942 supplex
816 1879 991 1941 populi
1020 1878 1267 1942 suffragia
1293 1886 1471 1944 capto3

150 1944 312 2004 Idem,
341 1945 499 1993 finitis
525 1946 712 1994 studiis
739 1950 790 1993 et
817 1952 986 1994 mente
1013 1952 1233 2009 recepta,

151 2011 397 2061 Obturem
423 2014 626 2077 patulas
653 2014 858 2077 impune
885 2014 1176 2077 legentibus
1203 2030 1365 2064 aures.
1634 2017 1727 2066 105

218 2147 476 2196 Ridentur
500 2149 635 2197 mala
660 2149 746 2212 qui
774 2155 1088 2213 componunt
1114 2150 1337 2198 carmina
1359 2168 1370 2211 ;
1408 2165 1586 2198 verum

150 2214 391 2264 Gaudent
416 2217 695 2265 scribentes
720 2222 774 2265 et
798 2233 852 2266 se
880 2225 1204 2278 venerantur,
1232 2224 1283 2266 et
1309 2218 1456 2278 ultro,

152 2282 207 2331 Si
233 2288 419 2341 taceas,
448 2284 660 2333 laudant
685 2285 927 2349 quicquid
956 2286 1202 2348 scripsere
1229 2286 1378 2334 beati.

149 2349 226 2398 At
249 2351 336 2414 qui
362 2351 650 2413 legitimum
677 2354 848 2416 cupiet
877 2354 1055 2401 fecisse
1081 2360 1274 2417 poema,

151 2416 281 2466 Cum
307 2419 499 2466 tabulis
528 2420 754 2467 animum
783 2421 1011 2469 censoris
1039 2427 1207 2470 sumet
1233 2421 1468 2482 honesti3
1631 2422 1726 2469 110

148 2485 391 2545 Audebit,
421 2501 768 2550 quaecumque
795 2503 975 2550 parum
1002 2489 1288 2552 splendoris
1316 2489 1578 2536 habebunt

150 2551 219 2599 Et
243 2553 351 2600 sine
377 2554 595 2616 pondere
621 2560 770 2602 erunt
795 2560 847 2603 et
873 2555 1062 2603 honore
1090 2556 1301 2618 indigna
1327 2556 1575 2614 ferentur,

150 2617 324 2667 Verba
350 2635 554 2668 movere
580 2621 706 2679 loco,
733 2623 971 2684 quamvis
996 2623 1160 2670 invita
1188 2624 1425 2670 recedant

149 2683 221 2733 Et
247 2693 513 2735 versentur
538 2689 704 2736 adhuc
728 2689 864 2736 intra
888 2691 1170 2752 penetralia
1196 2691 1388 2737 Vestae
1409 2707 1419 2750 ;

152 2751 439 2802 obscurata
465 2755 551 2802 diu
576 2755 763 2819 populo
790 2756 956 2804 bonus
981 2762 1123 2805 eruet
1150 2763 1302 2819 atque
1634 2756 1725 2803 115

226 2879 274 2915 82
293 2881 338 2916 ut
391 2880 437 2916 86
457 2891 576 2918 coner
629 2882 675 2917 89
695 2880 761 2918 hio
780 2884 825 2918 ut
845 2881 1003 2920 Mucius
1023 2882 1083 2918 ini
1109 2871 1184 2919 '95
1207 2885 1324 2919 vacat
1380 2882 1451 2917 112
1476 2880 1659 2916 seruntur
