1878 3054
203 169 309 222 124
712 181 953 221 Horum
995 182 1249 221 11Ρο11011

404 313 663 375 Quietiore
700 328 792 360 nec
829 313 1018 360 feratur
1054 329 1286 376 aequore,

467 381 638 440 ‚Quam
678 379 835 428 Graia
870 381 1119 428 victorum
1156 396 1354 439 manus,

404 447 534 495 Cum
563 447 735 493 Pallas
760 451 877 494 usto
904 448 1057 494 vertit
1082 447 1209 494 iram
1236 448 1299 495 ab
1323 447 1422 495 Ilio

468 515 531 560 In
567 513 775 575 impiam
814 514 987 574 Ajacis
1023 513 1213 562 ratem!

403 580 447 628 Ο
474 585 696 642 quantus
713 580 881 627 instat
905 581 1093 628 navitis
1120 581 1273 628 sudor
1295 581 1413 641 tuis,
1695 585 1755 633 15

469 647 680 709 Tibique
716 647 877 709 pallor
912 647 1094 706 luteus,

401 714 473 762 Et
508 714 596 761 illa
632 729 733 761 non
770 714 931 762 virilis
966 714 1188 776 ejulatio,

469 781 653 828 Preces
688 785 739 827 et
777 796 1014 828 aversum
1052 782 1116 829 ad
1152 781 1353 840 Jovem,

401 847 579 895 Ionius
614 847 713 895 udo
751 863 865 895 cum
902 849 1194 910 remugiens
1230 849 1373 896 sinus

468 914 606 962 Noto
643 915 866 962 carinam
902 914 1122 978 ruperit!
1697 919 1759 965 20

403 979 589 1044 Opima
616 982 751 1043 quod
779 982 821 1029 si
847 982 1036 1044 praeda
1062 996 1215 1029 curvo
1238 982 1385 1030 litore

469 1048 708 1096 Porrecta
744 1063 948 1110 mergos
975 1049 1189 1110 juveris,

403 1114 736 1163 Libidinosus
771 1116 1121 1163 immolabitur
1156 1130 1306 1180 caper

469 1181 539 1230 Et
575 1197 710 1244 agna
746 1182 1177 1245 Tempestatibus,

895 1395 1053 1444 XIII.

267 1497 492 1546 Horrida
515 1501 797 1559 tempestas
824 1497 1019 1545 caelum
1046 1498 1310 1557 contraxit,
1338 1502 1390 1547 et
1413 1498 1600 1546 imbres

334 1565 594 1626 Nivesque
614 1565 870 1612 deducunt
889 1565 923 1612 J
929 1580 1076 1612 ovem
1093 1581 1105 1624 ;
1130 1580 1262 1613 nunc
1278 1579 1430 1624 mare,
1449 1581 1580 1612 nunc
1598 1565 1756 1612 siluae

269 1631 501 1679 Threicio
528 1632 783 1693 Aquilone
810 1636 1028 1679 sonant:
1066 1633 1340 1694 rapiamus,
1368 1633 1532 1691 amici,

335 1698 665 1746 Occasionem
690 1698 751 1745 de
779 1698 872 1756 die,
902 1699 1123 1761 dumque
1151 1699 1317 1747 virent
1342 1714 1511 1760 genua

266 1764 337 1812 Et
362 1765 519 1822 decet,
548 1765 767 1813 obducta
793 1765 1024 1813 solvatur
1050 1766 1213 1813 fronte
1241 1771 1485 1814 senectus,
1741 1771 1770 1817 5

334 1832 413 1879 Tu
438 1832 558 1878 vina
585 1832 841 1894 Torquato
868 1847 1018 1879 move
1045 1833 1249 1880 consule
1273 1847 1449 1895 pressa
1473 1847 1585 1880 meo
1608 1849 1620 1894 3

268 1898 450 1947 Cetera
475 1899 621 1946 mitte
647 1899 814 1960 loqui:
853 1899 980 1947 deus
1006 1899 1132 1947 haec
1158 1900 1372 1947 fortasse
1397 1899 1622 1961 benigna

333 1966 563 2012 Reducet
587 1966 636 2012 in
665 1966 838 2013 sedem
865 1966 986 2014 vice.
1062 1966 1213 2014 Nunc
1237 1971 1288 2013 et
1312 1966 1658 2014 Achaemenio

265 2031 507 2079 Perfundi
534 2033 691 2080 nardo
720 2033 883 2094 juvat,
912 2038 964 2080 et
989 2032 1083 2080 fide
1111 2032 1356 2095 Cyllenea

332 2098 527 2146 Levare
553 2099 674 2146 diris
699 2103 904 2161 pectora
930 2099 1387 2160 sollicitudinibus3
1711 2103 1772 2150 10

262 2163 462 2212 Nobilis
486 2169 543 2212 ut
567 2165 748 2227 grandi
772 2166 955 2213 cecinit
984 2166 1272 2214 Centaurus
1297 2166 1529 2214 alumno:

332 2236 359 2256 “
377 2231 590 2290 Invicte,
617 2232 848 2279 mortalis
874 2232 969 2280 dea
994 2237 1113 2279 nate
1137 2246 1263 2294 puer
1287 2232 1516 2291 Thetide,

263 2297 335 2345 Te
360 2303 531 2346 manet
557 2298 803 2346 Assaraci
828 2298 994 2356 tellus,
1021 2313 1175 2360 quam
1200 2299 1387 2360 frigida
1410 2299 1555 2362 parvi

329 2364 557 2412 Findunt
584 2364 881 2412 Scamandri
907 2364 1117 2411 flumina
1139 2365 1363 2413 lubricus
1387 2370 1440 2413 et
1466 2365 1668 2425 SimoiS,

262 2431 413 2479 Unde
438 2432 533 2480 tibi
558 2432 779 2480 reditum
806 2436 942 2478 certo
969 2431 1252 2478 subtemine
1277 2432 1468 2479 Parcae
1712 2434 1774 2480 15

328 2499 546 2561 Rupere,
574 2512 666 2545 nec
691 2502 855 2545 mater
879 2497 1085 2545 domum
1111 2498 1310 2545 caerula
1331 2503 1383 2545 te
1407 2497 1629 2546 revehet.

259 2564 371 2612 Illic
397 2580 543 2611 omne
570 2565 762 2612 malum
788 2565 906 2611 vino
932 2569 1182 2626 cantuque
1206 2564 1388 2621 levato,

330 2631 586 2678 Deformis
615 2631 957 2692 aegrimoniae
983 2630 1214 2678 dulcibus
1240 2630 1526 2693 alloquiis.'’

297 2771 343 2806 18
364 2771 575 2807 adversum
644 2770 691 2806 19
712 2769 803 2805 sinu
870 2769 917 2804 20
937 2768 1066 2805 Notus
1135 2769 1184 2805 22
1201 2769 1380 2818 proiecta
1430 2770 1478 2806 22
1497 2769 1645 2806 iuverit

272 2820 294 2856 1
313 2821 556 2857 constrinxit
607 2820 629 2856 3
649 2820 774 2856 amice
794 2832 812 2854 e
831 2820 1050 2855 coniectura
1104 2820 1150 2855 10
1170 2820 1280 2855 duris
1334 2820 1379 2855 11
1398 2820 1544 2856 cecinit
1560 2819 1706 2868 grandi

435 2871 481 2906 13
499 2870 618 2919 proni
636 2870 700 2915 B„
718 2869 812 2919 puri
829 2869 890 2915 P.‚
909 2869 1016 2906 tardi
1035 2869 1092 2907 M.
1196 2870 1243 2905 18
1262 2872 1302 2906 et
1321 2869 1503 2906 dulcibus
