1878 3054
169 159 239 212 64

627 168 868 208 HORA'I'I
913 167 1259 217 CARMINVM

302 324 304 326 ·
367 301 757 350 Desiderantem
794 300 929 362 quod
965 298 1092 347 satis
1127 302 1208 346 est
1242 313 1404 361 neque

367 368 760 416 Tumultuosum
795 365 1036 414 sollicitat
1071 380 1224 424 mare,

435 435 544 483 Nec
580 448 765 481 saevus
802 433 1010 481 Arcturi
1045 433 1271 486 cadentis

503 501 735 563 Impetus
772 505 860 547 aut
896 499 1105 547 orientis
1142 499 1327 559 Haedi,

368 568 488 617 Non
523 569 819 616 verberatae
858 566 1102 628 grandine
1140 566 1319 614 vineae

371 635 684 697 Fundusque
711 634 942 690 mendax,
972 633 1148 680 arbore
1175 648 1308 681 nunc
1334 648 1493 697 aquas

438 702 706 764 Culpante‚
746 715 879 748 nunc
915 700 1161 748 torrentia
1197 715 1351 763 agros

504 769 695 826 Sidera,
734 782 867 815 nunc
907 767 1098 814 hiemes
1133 767 1349 831 iniquas,

371 835 648 884 Contracta
676 836 841 898 pisces
872 849 1095 896 aequora
1118 835 1347 883 sentiunt

369 903 407 951 J
411 903 540 951 actis
564 904 614 950 in
641 903 799 949 altum
830 901 1078 962 molibus;
1115 901 1213 949 huc
1237 902 1474 965 frequens

439 970 717 1019 anmenta
754 969 977 1016 demittit
1011 968 1301 1031 redemptor

507 1036 636 1085 Oum
672 1036 878 1083 famulis
917 1036 1253 1098 dominusque
1288 1040 1451 1084 terrae

371 1102 721 1151 Fastidiosus:
762 1103 852 1150 sed
891 1102 1065 1150 Timor
1099 1107 1151 1150 et
1186 1102 1359 1151 Minae

373 1170 636 1219 Scandunt
659 1171 835 1218 eodem
864 1184 964 1232 quo
990 1169 1240 1231 dominus,
1266 1185 1428 1234 neque

436 1237 651 1285 Decedit
687 1241 858 1284 aerata
894 1236 1085 1283 triremi
1120 1241 1172 1283 et
1384 1237 1387 1239 ’

507 1304 634 1351 Post
669 1304 891 1365 equitem
930 1303 1075 1350 sedet
1110 1307 1222 1350 atra
1259 1302 1408 1352 Oura.

370 1371 519 1432 Quod
544 1371 586 1417 si
612 1371 866 1418 dolentem
896 1385 987 1417 nec
1014 1369 1276 1432 Phrygius
1300 1371 1433 1435 lapis

368 1437 479 1486 Nec
513 1452 850 1500 purpurarum
890 1438 1054 1485 sidere
1090 1436 1273 1484 clarior

437 1504 642 1552 Delenit
677 1519 815 1562 usus,
857 1519 948 1551 nec
984 1503 1201 1551 Falerna

504 1571 643 1619 Vitis
670 1571 1174 1632 Achaemeniumque
1199 1573 1414 1629 costum,
1496 1586 1499 1587 ⁷

369 1637 476 1687 Gur
510 1638 800 1686 invidendis
838 1638 1072 1700 postibus
1106 1643 1159 1684 et
1194 1652 1328 1685 novo

369 1704 597 1754 Sublime
636 1705 736 1752 ritu
774 1705 956 1752 moliar
991 1702 1214 1752 atrium?

435 1771 540 1821 Gur
576 1772 707 1819 valle
746 1776 1029 1835 permutem
1068 1770 1260 1819 Sabina

502 1838 727 1887 Divitias
764 1836 1114 1902 operosiores?

916 2036 987 2085 11.

368 2139 663 2202 Angustam
705 2120 865 2186 ami&
900 2138 1193 2200 pauperiem
1228 2137 1338 2200 pati

367 2205 635 2254 Robustus
674 2205 777 2252 acri
815 2204 1002 2251 militia
1035 2210 1162 2266 puer

438 2273 726 2331 Condiscat‚
767 2276 819 2318 et
858 2270 1080 2318 Parthos
1114 2271 1306 2319 feroces

500 2340 668 2387 Vexet
703 2353 856 2401 eques
893 2337 1198 2385 metuendus
1235 2337 1400 2396 hasta,

366 2407 647 2468 Vitamque
674 2407 770 2453 sub
797 2406 918 2454 divo
944 2409 995 2451 et
1019 2404 1233 2467 trepidis
1259 2400 1381 2465 agat

366 2474 431 2522 In
455 2474 618 2522 rebus.
692 2474 843 2521 Illum
869 2488 932 2520 ex
957 2470 1221 2518 moenibus
1246 2469 1458 2518 hosticis

433 2541 674 2589 Matrona
707 2541 947 2589 bellantis
983 2538 1192 2602 tyranni

502 2609 824 2671 Prospiciens
859 2613 912 2656 et
948 2607 1121 2654 adulta
1158 2605 1302 2667 virgo

370 2676 616 2739 Suspiret,
647 2677 832 2735 ‘Eheu‚
860 2692 922 2723 ne
950 2675 1089 2722 rudis
1117 2673 1378 2735 agminum

370 2744 602 2807 Sponsus
624 2744 843 2792 lacessat
866 2742 1040 2804 regius
1066 2754 1300 2803 asperum

554 2875 604 2911 43
625 2874 769 2911 delinit
920 2873 936 2910 1
961 2871 1082 2909 amici
1187 2887 1189 2889 ¹
1233 2872 1255 2907 5
1275 2870 1341 2907 dio

1632 301 1719 348 -25

1656 637 1721 682 30

1658 966 1720 1013 35

1663 1300 1725 1346 40

1666 1632 1726 1680 45

1665 2742 1730 2789 10
