1846 3034
712 110 836 172 ΜΒ.
876 132 918 170 Ι.
963 119 1045 183 11,
1076 119 1144 172 12
1602 123 1709 177 207

135 265 299 316 Grata
320 281 463 314 sume
488 281 659 324 manu,
688 281 790 313 neu
815 265 984 314 dulcia
1010 265 1152 313 differ
1175 265 1226 314 in
1256 282 1464 329 annum,

136 331 224 392 Ut,
250 349 570 397 quocumque
596 333 706 380 loco
734 333 906 391 fueris,
934 333 1127 381 vixisse
1153 333 1372 382 libenter

134 399 208 448 Te
233 401 404 462 dicas3
439 416 559 448 nam
585 401 628 447 si
653 400 786 448 ratio
810 405 862 447 et
886 401 1163 462 prudentia
1188 416 1351 461 curas,
1647 411 1707 459 25

134 467 253 521 Non
276 468 420 516 locus
444 468 589 516 effusi
614 467 717 514 late
742 468 901 515 maris
927 468 1115 515 arbiter
1140 468 1318 528 aufert,

134 534 361 594 Caelum,
387 551 490 583 non
515 535 758 593 animum,
787 540 1003 593 mutant,
1032 535 1118 598 qui
1142 539 1287 582 trans
1315 551 1452 584 mare
1479 542 1703 587 currunt.

133 601 354 650 Strenua
378 618 472 651 nos
496 607 696 650 exercet
720 603 935 663 inertia;
971 602 1188 649 navibus
1217 607 1369 664 atque

133 670 410 732 Quadrigis
434 670 658 734 petimus
682 669 810 717 bene
835 670 1023 717 vivere.
1101 670 1248 730 Quod
1274 671 1423 732 petis,
1450 670 1533 720 hic
1557 676 1651 731 est,

129 735 230 785 Est
254 736 480 797 Ulubris,
508 737 710 785 animus
736 737 780 785 si
804 741 855 784 te
880 751 984 784 non
1009 735 1178 784 deficit
1205 752 1412 800 aequus
1638 741 1701 788 30

852 911 981 962 XII.

128 1016 404 1066 Fructibus
429 1016 695 1082 Agrippae
723 1016 923 1076 Siculis,
952 1032 1080 1080 quos
1106 1017 1324 1080 colligiS,
1351 1016 1471 1077 Icci,

131 1085 187 1134 Si
213 1090 350 1133 recte
375 1085 572 1143 frueris,
600 1100 702 1133 non
728 1090 809 1132 est
833 1090 891 1132 ut
916 1085 1063 1147 copia
1090 1086 1251 1147 major

127 1152 217 1203 Ab
241 1152 376 1201 Jove
402 1153 583 1200 donari
608 1153 777 1216 possit
800 1152 911 1201 tibi.
986 1152 1130 1200 Tolle
1157 1152 1440 1215 querellas3

128 1219 334 1282 Pauper
355 1220 491 1268 enim
517 1235 621 1267 non
643 1224 737 1280 est,
766 1220 847 1268 cui
872 1234 1041 1268 rerum
1068 1220 1298 1283 suppetit
1322 1235 1460 1268 usus

130 1286 187 1336 Si
211 1288 379 1335 ventri
402 1287 546 1346 bene,
574 1288 618 1334 si
643 1287 792 1335 lateri
817 1292 899 1335 est
922 1287 1241 1350 pedibusque
1267 1287 1388 1347 tuis,
1416 1286 1489 1335 nil
1670 1285 1702 1335 5

128 1354 358 1403 Divitiae
384 1360 630 1418 poterunt
656 1355 856 1417 regales
883 1355 1070 1402 addere
1095 1356 1276 1416 maJus.

130 1421 185 1470 Si
210 1422 354 1482 forte,
380 1423 435 1470 in
461 1423 630 1470 medio
654 1423 942 1486 positorum
968 1422 1268 1480 abstemius,
1295 1421 1469 1470 herbis

127 1489 282 1538 Vivis
306 1494 361 1538 et
382 1490 563 1549 urtica,
592 1490 664 1538 sic
690 1491 836 1538 vives
861 1489 1096 1553 protinus
1121 1494 1179 1537 ut
1203 1495 1253 1537 te

130 1556 416 1606 Confestim
441 1557 666 1620 liquidus
693 1557 950 1605 Fortunae
977 1558 1119 1605 rivus
1145 1557 1348 1604 inauret
1363 1573 1377 1619 ς

126 1623 227 1673 Vel
253 1625 374 1688 quia
399 1630 638 1672 naturam
663 1630 865 1673 mutare
891 1625 1110 1687 pecunia
1136 1625 1312 1683 nescit,
1639 1623 1702 1672 10

128 1692 230 1740 Vel
255 1692 378 1756 quia
400 1697 585 1740 cuncta
609 1698 765 1755 putas
790 1708 894 1740 una
920 1692 1112 1739 virtute
1137 1692 1349 1740 minora.

127 1758 397 1818 Miramur,
436 1760 481 1808 si
508 1760 788 1807 Democriti
810 1774 966 1824 pecus
990 1760 1099 1807 edit
1124 1759 1318 1822 agellos

130 1826 399 1891 Cultaque,
426 1828 549 1875 dum
576 1842 787 1890 peregre
814 1832 895 1874 est
920 1827 1125 1874 animus
1151 1827 1259 1874 sine
1286 1841 1499 1889 corpore
1525 1825 1703 1888 velox3

130 1893 263 1943 Cum
289 1901 347 1943 tu
372 1895 507 1943 inter
530 1894 752 1942 scabiem
776 1900 980 1942 tantam
1008 1899 1060 1942 et
1085 1894 1328 1957 contagia
1353 1893 1480 1942 lucri

128 1960 219 2009 Nil
243 1977 462 2026 parvum
486 1962 659 2024 sapias
684 1967 736 2009 et
764 1962 931 2010 adhuc
957 1962 1200 2009 sublimia
1226 1976 1401 2010 cures:
1640 1957 1701 2005 15

131 2029 275 2091 Quae
299 2045 438 2077 mare
464 2035 792 2092 compescant
815 2045 1015 2088 causae,
1043 2029 1165 2093 quid
1190 2033 1439 2091 temperet
1465 2043 1670 2089 annum,

131 2095 321 2145 Stellae
347 2103 528 2160 sponte
555 2111 650 2144 sua
676 2098 920 2159 jussaene
950 2102 1203 2159 vagentur
1226 2101 1279 2144 et
1304 2101 1486 2154 errent,

131 2163 270 2225 Quid
294 2169 496 2228 premat
521 2165 794 2212 obscurum
818 2165 985 2224 lunae,
1014 2164 1134 2227 quid
1161 2164 1386 2227 proferat
1412 2164 1599 2222 orbem,

131 2231 267 2292 Quid
294 2232 420 2279 velit
444 2236 497 2279 et
520 2232 686 2295 possit
711 2247 880 2280 rerum
907 2232 1178 2280 concordia
1206 2232 1414 2290 discors,

130 2297 469 2362 Empedocles
495 2314 559 2347 an
588 2299 894 2347 Stertinium
918 2300 1096 2347 deliret
1123 2297 1374 2347 acumen?
1639 2293 1699 2341 20

130 2365 342 2425 Verum,
371 2382 461 2414 seu
486 2366 652 2430 pisces
677 2381 767 2414 seu
791 2381 998 2430 porrum
1023 2372 1075 2414 et
1102 2382 1255 2429 caepe
1282 2365 1525 2424 trucidas,

130 2431 290 2481 Utere
317 2434 564 2496 Pompeio
593 2434 843 2497 Grospho,
871 2438 936 2492 et,
965 2434 1007 2481 si
1034 2434 1157 2497 quid
1183 2438 1336 2497 petet,
1365 2434 1500 2481 ultro

130 2499 315 2562 Defer3
352 2501 422 2548 nil
451 2501 718 2564 Grosphus
744 2501 841 2548 nisi
867 2516 1046 2549 verum
1074 2501 1241 2549 orabit
1268 2506 1319 2548 et
1346 2514 1579 2561 aequum.

129 2566 264 2615 Vilis
291 2569 566 2616 amicorum
592 2573 670 2615 est
696 2584 916 2627 annona,
942 2569 1089 2616 bonis
1118 2569 1202 2615 ubi
1229 2568 1350 2631 quid
1377 2568 1533 2614 deest.

128 2633 208 2681 Ne
234 2640 407 2683 tamen
432 2635 638 2697 ignores
663 2651 762 2698 quo
790 2636 858 2682 sit
884 2636 1125 2683 Romana
1149 2636 1259 2682 loco
1285 2650 1394 2683 res:
1640 2635 1704 2683 25

130 2699 387 2750 Cantaber
411 2703 686 2765 Agrippae,
718 2702 901 2751 Claudi
927 2702 1116 2750 virtute
1142 2702 1365 2750 Neronis

264 2833 314 2868 24
333 2836 377 2869 tu
481 2834 503 2869 3
523 2834 705 2883 querelas
809 2833 859 2869 24
878 2833 979 2869 de'st
994 2831 1078 2868 cod.
1099 2831 1250 2868 Bland.
1271 2830 1564 2879 antiquiooimun
