1878 3054
8 346 27 359 ’⁸
7 187 39 304 τ’Υἷ.

733 183 859 223 Lm.
897 183 939 223 1.
977 171 1025 234 9,
1055 168 1124 221 10
1613 169 1717 222 155

364 274 366 287 ι
867 260 869 262 ·
895 292 933 306 f
1140 292 1142 305 ἱ
1664 259 1724 302 *e-

151 314 251 381 Qffi
275 302 484 383 pulch&
507 306 696 365 nosset.
772 309 1130 364 Consistimus
1207 315 1398 363 “Unde
1418 314 1594 363 venis?
1615 317 1643 342 '⁷
1663 303 1681 349 s
1720 353 1723 364 ,

152 391 182 412 “
204 387 317 448 Quo
341 383 544 432 tendis?
561 387 588 412 ’¹
611 390 760 446 rogat
784 388 837 431 et
861 385 1148 446 respondet.
1222 383 1426 432 Vellere
1453 384 1593 446 coepi

152 451 223 502 Et
244 467 484 516 prensare
509 467 663 499 manu
688 451 974 498 lentissima
1001 451 1224 510 brachia,
1251 456 1455 508 nutans,

154 520 490 582 Distorquens
514 519 702 577 oculos,
730 524 788 566 ut
813 534 894 566 me
919 519 1146 581 eriperet.
1222 518 1360 566 Male
1388 519 1554 566 salsus
1665 518 1726 565 65

154 587 353 637 Ridens
377 586 730 646 dissimulare3
767 601 937 633 meum
955 587 1100 648 jecur
1125 600 1269 633 urere
1298 586 1425 634 bilis.

156 660 184 680 ‘⁶
205 654 351 705 Certe
377 654 547 702 nescio
573 654 696 717 quid
722 659 916 701 secreto
945 654 1072 701 velle
1099 653 1237 716 loqui
1262 657 1312 700 te

154 722 348 772 Aiebas
371 724 619 769 mecum„
691 726 718 746 “
741 721 958 768 Memini
983 722 1125 780 bene,
1153 721 1242 768 sed
1268 721 1474 768 meliore

156 789 398 853 Tempore
424 789 591 837 dicam
612 806 623 851 ;
662 788 811 836 hodie
835 789 1096 836 tricesima
1121 788 1363 836 sabbata:
1402 789 1506 836 vin’
1531 793 1589 835 tu

157 856 328 905 Curtis
346 857 561 905 Judaeis
586 855 871 920 oppedere?
893 858 920 884 '⁷
982 856 1185 903 “Nulla
1204 856 1378 915 mihi‚”
1397 856 1620 918 inquam,
1671 854 1732 903 ’ΖΟ

156 929 185 950 “
202 924 407 988 Religio
430 926 559 972 est.”
631 926 752 972 “At
776 925 876 985 mi;
914 939 1024 972 sum
1051 923 1204 987 paulo
1229 923 1486 982 infirmior,
1512 923 1645 970 unus

155 990 448 1041 Multorum.
521 992 798 1054 Ignosces;
824 992 952 1039 alias
978 992 1204 1055 loquar.'’
1277 991 1515 1038 Huncine
1537 990 1696 1037 solem

154 1058 285 1107 'l'am
309 1060 509 1122 nigrum
536 1074 740 1107 surrexe
768 1059 923 1108 mihil
996 1059 1155 1122 Fugit
1179 1059 1442 1122 improbus
1467 1074 1526 1106 ac
1551 1072 1630 1104 me

157 1125 263 1174 Sub
286 1127 450 1175 cultro
474 1127 672 1190 linquit.
749 1126 887 1175 Casu
914 1127 1055 1174 venit
1081 1127 1263 1174 obvius
1288 1126 1360 1173 illi

156 1193 513 1256 Adversarius,
540 1203 592 1242 et
618 1199 646 1218 ‘⁴
667 1195 780 1255 Quo
805 1199 862 1241 tu
888 1192 1222 1256 turpissime?
1245 1196 1273 1221 ''
1310 1208 1501 1255 magna.
1668 1194 1730 1244 75

156 1260 412 1310 Inclamat
435 1277 573 1320 voce,
602 1267 654 1310 et
682 1267 708 1286 “
732 1261 878 1310 Licet
905 1260 1191 1309 antestari?
1213 1263 1240 1288 ”
1311 1261 1426 1322 Ego
1452 1275 1573 1307 vero

156 1327 371 1392 Oppono
397 1330 689 1377 auriculam.
764 1329 925 1391 Rapit
949 1329 1001 1376 in
1019 1330 1135 1391 jus;
1173 1329 1363 1376 clamor
1390 1329 1655 1391 utrimque,

155 1393 392 1460 Undique
417 1411 707 1445 concursuri.
778 1396 860 1445 Sic
885 1412 965 1445 me
991 1397 1220 1445 servavit
1244 1395 1446 1462 Apollo,

903 1571 972 1620 X.

344 1674 491 1724 Lucili,
517 1688 636 1727 quam
656 1676 710 1715 sis
730 1675 951 1723 mendosus,
978 1681 1069 1714 teste
1095 1674 1255 1721 Catone,

290 1729 512 1782 Deseruere
532 1738 613 1780 tuo,
627 1732 875 1783 pervincum,
901 1732 972 1782 qui
989 1731 1092 1769 male
1100 1732 1240 1781 factos

286 1785 511 1827 Emendare
522 1794 648 1839 parat
669 1800 804 1826 versuo
815 1801 831 1833 ;
865 1786 937 1825 hoc
957 1787 1082 1825 lenius
1103 1787 1180 1834 ille,

287 1841 366 1882 Eec
396 1855 474 1894 quo
493 1844 556 1881 vir
574 1843 724 1891 melior,
750 1842 862 1892 longe
883 1842 1066 1881 subtilior
1085 1843 1170 1888 illo,

293 1896 378 1948 Qui
395 1898 564 1939 multum
575 1911 680 1950 puer
700 1904 735 1937 et
756 1898 853 1936 loric
873 1903 908 1937 et
918 1897 1089 1948 funibuae
1108 1897 1200 1936 udis
1689 1897 1719 1945 5

286 1952 506 2001 Exorans,
530 1960 574 1993 ut
594 1960 692 1993 met
713 1966 822 2005 opem
843 1954 1033 2005 quiserre
1045 1955 1177 2005 poetis

289 2009 482 2061 Antiqua
494 2015 631 2061 ponet
650 2016 790 2049 contra
799 2009 976 2060 fastidia
995 2015 1147 2058 metra,

293 2062 654 2105 Grammaticorum
673 2066 847 2117 equitum
867 2065 1124 2105 doctissimus.
1196 2065 1250 2106 Ut
1269 2065 1423 2105 redeam
1443 2066 1569 2105 illue:

151 2191 348 2258 Nempe
371 2194 707 2259 incomposito
732 2195 837 2244 dixi
862 2196 990 2258 pede
1015 2211 1211 2244 currere
1238 2211 1417 2244 versus

152 2259 331 2311 Lucili.
405 2264 532 2325 Quis
556 2270 662 2312 tam
690 2263 856 2311 Lucili
883 2264 1050 2311 fautor
1076 2264 1244 2326 inepte
1271 2271 1351 2311 est

151 2325 227 2376 Ut
250 2343 350 2377 non
376 2329 469 2378 boc
494 2329 753 2379 fateatur?
825 2331 900 2379 At
926 2331 1075 2390 idem,
1103 2331 1238 2394 quod
1264 2331 1370 2378 sale
1396 2330 1559 2378 multo

152 2392 343 2444 Urbem
365 2397 613 2457 defricuit,
641 2398 820 2446 charta
844 2398 1084 2446 laudatur
1107 2398 1298 2447 eadem.

150 2458 259 2511 Nec
279 2467 467 2524 tamen,
495 2464 590 2513 hoc
615 2466 860 2524 tribuenS,
888 2465 1112 2513 dederim
1140 2481 1341 2529 quoque
1367 2473 1566 2527 cetera;
1600 2479 1718 2513 nam

351 2544 422 2579 sic
1687 2537 1715 2582 5

152 2592 223 2643 Et
246 2594 431 2646 Laberi
458 2598 640 2647 mimos
666 2604 724 2646 ut
748 2599 959 2663 pulchra
982 2602 1220 2662 poemata
1245 2599 1400 2647 mirer.

154 2660 289 2725 Ergo
314 2679 412 2713 non
438 2666 565 2713 satis
589 2672 668 2714 est
693 2667 799 2715 risu
825 2667 1061 2715 diducere
1087 2668 1268 2715 rictum

155 2727 447 2795 Auditori55
481 2733 558 2795 (et
581 2739 660 2781 est
685 2735 935 2797 quaedam
961 2740 1134 2781 tamen
1160 2733 1242 2781 hic
1267 2748 1466 2796 quoque
1489 2733 1652 2780 virtus
1672 2734 1711 2794 3)

323 2855 374 2894 u
389 2867 573 2908 prensare
781 2858 827 2897 72
848 2858 1044 2895 hunccine
1252 2857 1298 2894 76
1318 2858 1521 2893 exclamat

434 2908 457 2945 θ
475 2908 726 2956 exhortatus,
745 2910 973 2946 excoriatus
994 2922 1013 2945 e
1031 2908 1133 2946 coni.
1238 2908 1261 2944 2
1282 2908 1407 2957 inepti
