<?xml version="1.0" encoding="UTF-8"?>
<!DOCTYPE html PUBLIC "-//W3C//DTD XHTML 1.0 Transitional//EN"
    "http://www.w3.org/TR/xhtml1/DTD/xhtml1-transitional.dtd">
<html xmlns="http://www.w3.org/1999/xhtml" xml:lang="en" lang="en">
 <head>
  <title>
</title>
<meta http-equiv="Content-Type" content="text/html;charset=utf-8" />
  <meta name='ocr-system' content='tesseract 3.04.00' />
  <meta name='ocr-capabilities' content='ocr_page ocr_carea ocr_par ocr_line ocrx_word'/>
</head>
<body>
  <div class='ocr_page' id='page_1' title='image "./workschase00horauoft_0054.png"; bbox 0 0 1878 3054; ppageno 0'>
   <div class='ocr_carea' id='block_1_1' title="bbox 196 179 1285 234">
    <p class='ocr_par' dir='ltr' id='par_1_1' title="bbox 196 179 1285 234">
     <span class='ocr_line' id='line_1_1' title="bbox 196 179 1285 234; baseline -0.011 0"><span class='ocrx_word' id='word_1_1' title='bbox 196 179 266 234; x_wconf 87' lang='lat'>50</span> <span class='ocrx_word' id='word_1_2' title='bbox 656 185 896 227; x_wconf 59' lang='lat' dir='ltr'>Horum</span> <span class='ocrx_word' id='word_1_3' title='bbox 939 185 1285 225; x_wconf 71' lang='lat' dir='ltr'>cARmNVM</span> 
     </span>
    </p>
   </div>
   <div class='ocr_carea' id='block_1_2' title="bbox 393 318 1737 970">
    <p class='ocr_par' dir='ltr' id='par_1_2' title="bbox 393 318 1737 970">
     <span class='ocr_line' id='line_1_2' title="bbox 394 318 1722 380; baseline -0.008 -10"><span class='ocrx_word' id='word_1_4' title='bbox 394 322 555 371; x_wconf 87' lang='lat' dir='ltr'>Mella</span> <span class='ocrx_word' id='word_1_5' title='bbox 591 320 855 378; x_wconf 89' lang='lat' dir='ltr'>decedunt,</span> <span class='ocrx_word' id='word_1_6' title='bbox 895 318 1143 380; x_wconf 87' lang='lat' dir='ltr'>viridique</span> <span class='ocrx_word' id='word_1_7' title='bbox 1181 319 1344 364; x_wconf 88' lang='lat' dir='ltr'>certat</span> <span class='ocrx_word' id='word_1_8' title='bbox 1666 318 1722 366; x_wconf 84' lang='lat'>15</span> 
     </span>
     <span class='ocr_line' id='line_1_3' title="bbox 661 385 1737 446; baseline -0.011 -11"><span class='ocrx_word' id='word_1_9' title='bbox 661 388 800 435; x_wconf 90' lang='lat' dir='ltr'>Baca</span> <span class='ocrx_word' id='word_1_10' title='bbox 835 385 1076 446; x_wconf 87' lang='lat' dir='ltr'>Venafro,</span> <span class='ocrx_word' id='word_1_11' title='bbox 1609 395 1613 399; x_wconf 63' lang='grc'>’</span> <span class='ocrx_word' id='word_1_12' title='bbox 1734 422 1737 423; x_wconf 15' lang='lat'><em>⁷</em></span> 
     </span>
     <span class='ocr_line' id='line_1_4' title="bbox 395 449 1412 515; baseline -0.008 -11"><span class='ocrx_word' id='word_1_13' title='bbox 395 456 503 504; x_wconf 87' lang='lat' dir='ltr'>Ver</span> <span class='ocrx_word' id='word_1_14' title='bbox 527 455 615 502; x_wconf 93' lang='lat' dir='ltr'>ubi</span> <span class='ocrx_word' id='word_1_15' title='bbox 638 455 851 515; x_wconf 89' lang='lat' dir='ltr'>longum</span> <span class='ocrx_word' id='word_1_16' title='bbox 875 453 1177 514; x_wconf 88' lang='lat' dir='ltr'>tepidasque</span> <span class='ocrx_word' id='word_1_17' title='bbox 1200 449 1412 512; x_wconf 86' lang='lat' dir='ltr'>praebet</span> 
     </span>
     <span class='ocr_line' id='line_1_5' title="bbox 393 517 1373 585; baseline -0.008 -15"><span class='ocrx_word' id='word_1_18' title='bbox 393 523 430 570; x_wconf 85' lang='lat' dir='ltr'>J</span> <span class='ocrx_word' id='word_1_19' title='bbox 433 523 631 585; x_wconf 92' lang='lat' dir='ltr'>uppiter</span> <span class='ocrx_word' id='word_1_20' title='bbox 655 521 876 580; x_wconf 83' lang='lat' dir='ltr'>brumas,</span> <span class='ocrx_word' id='word_1_21' title='bbox 904 524 956 566; x_wconf 89' lang='lat' dir='ltr'>et</span> <span class='ocrx_word' id='word_1_22' title='bbox 981 519 1174 565; x_wconf 87' lang='lat' dir='ltr'>amicus</span> <span class='ocrx_word' id='word_1_23' title='bbox 1199 517 1373 563; x_wconf 90' lang='lat' dir='ltr'>Aulon</span> 
     </span>
     <span class='ocr_line' id='line_1_6' title="bbox 395 583 1351 637; baseline -0.008 0"><span class='ocrx_word' id='word_1_24' title='bbox 395 589 574 637; x_wconf 86' lang='lat' dir='ltr'>Fertili</span> <span class='ocrx_word' id='word_1_25' title='bbox 597 587 801 636; x_wconf 90' lang='lat' dir='ltr'>Baccho</span> <span class='ocrx_word' id='word_1_26' title='bbox 826 586 1094 633; x_wconf 89' lang='lat' dir='ltr'>minimum</span> <span class='ocrx_word' id='word_1_27' title='bbox 1119 583 1351 630; x_wconf 79' lang='lat' dir='ltr'>Falernis</span> 
     </span>
     <span class='ocr_line' id='line_1_7' title="bbox 664 651 1729 701; baseline -0.003 0"><span class='ocrx_word' id='word_1_28' title='bbox 664 654 873 701; x_wconf 82' lang='lat' dir='ltr'><strong>Invidet</strong></span> <span class='ocrx_word' id='word_1_29' title='bbox 908 652 1036 699; x_wconf 85' lang='lat' dir='ltr'>uvis.</span> <span class='ocrx_word' id='word_1_30' title='bbox 1665 651 1729 699; x_wconf 80' lang='lat'>20</span> 
     </span>
     <span class='ocr_line' id='line_1_8' title="bbox 398 717 1291 770; baseline -0.008 0"><span class='ocrx_word' id='word_1_31' title='bbox 398 723 493 770; x_wconf 87' lang='lat' dir='ltr'>Ille</span> <span class='ocrx_word' id='word_1_32' title='bbox 529 725 579 769; x_wconf 91' lang='lat' dir='ltr'>te</span> <span class='ocrx_word' id='word_1_33' title='bbox 616 736 813 768; x_wconf 92' lang='lat' dir='ltr'>mecum</span> <span class='ocrx_word' id='word_1_34' title='bbox 850 720 991 766; x_wconf 91' lang='lat' dir='ltr'>locus</span> <span class='ocrx_word' id='word_1_35' title='bbox 1026 722 1079 765; x_wconf 92' lang='lat' dir='ltr'>et</span> <span class='ocrx_word' id='word_1_36' title='bbox 1112 717 1291 764; x_wconf 85' lang='lat' dir='ltr'>beatae</span> 
     </span>
     <span class='ocr_line' id='line_1_9' title="bbox 398 784 1367 847; baseline -0.007 -11"><span class='ocrx_word' id='word_1_37' title='bbox 398 789 675 837; x_wconf 89' lang='lat' dir='ltr'>Postulant</span> <span class='ocrx_word' id='word_1_38' title='bbox 712 801 884 847; x_wconf 88' lang='lat' dir='ltr'>arces;</span> <span class='ocrx_word' id='word_1_39' title='bbox 919 785 990 832; x_wconf 91' lang='lat' dir='ltr'>ibi</span> <span class='ocrx_word' id='word_1_40' title='bbox 1024 789 1083 832; x_wconf 92' lang='lat' dir='ltr'>tu</span> <span class='ocrx_word' id='word_1_41' title='bbox 1119 784 1367 831; x_wconf 89' lang='lat' dir='ltr'>calentem</span> 
     </span>
     <span class='ocr_line' id='line_1_10' title="bbox 399 850 1346 917; baseline -0.007 -14"><span class='ocrx_word' id='word_1_42' title='bbox 399 856 590 904; x_wconf 78' lang='lat' dir='ltr'><strong>Debita</strong></span> <span class='ocrx_word' id='word_1_43' title='bbox 624 869 835 917; x_wconf 77' lang='lat' dir='ltr'>sparges</span> <span class='ocrx_word' id='word_1_44' title='bbox 870 852 1081 900; x_wconf 87' lang='lat' dir='ltr'>lacrima</span> <span class='ocrx_word' id='word_1_45' title='bbox 1117 850 1346 898; x_wconf 87' lang='lat' dir='ltr'>favillam</span> 
     </span>
     <span class='ocr_line' id='line_1_11' title="bbox 664 918 1018 970; baseline -0.011 0"><span class='ocrx_word' id='word_1_46' title='bbox 664 921 818 970; x_wconf 82' lang='lat' dir='ltr'>Vatis</span> <span class='ocrx_word' id='word_1_47' title='bbox 855 918 1018 967; x_wconf 88' lang='lat' dir='ltr'>amici.</span> 
     </span>
    </p>
   </div>
   <div class='ocr_carea' id='block_1_3' title="bbox 913 1105 1039 1155">
    <p class='ocr_par' dir='ltr' id='par_1_3' title="bbox 913 1105 1039 1155">
     <span class='ocr_line' id='line_1_12' title="bbox 913 1105 1039 1155; baseline -0.008 0"><span class='ocrx_word' id='word_1_48' title='bbox 913 1105 1039 1155; x_wconf 90' lang='lat' dir='ltr'><strong>VII.</strong></span> 
     </span>
    </p>
   </div>
   <div class='ocr_carea' id='block_1_4' title="bbox 398 1207 1747 2806">
    <p class='ocr_par' dir='ltr' id='par_1_4' title="bbox 398 1207 1747 2806">
     <span class='ocr_line' id='line_1_13' title="bbox 400 1207 1411 1274; baseline -0.008 -13"><span class='ocrx_word' id='word_1_49' title='bbox 400 1212 444 1261; x_wconf 93' lang='grc' dir='ltr'><strong>Ο</strong></span> <span class='ocrx_word' id='word_1_50' title='bbox 471 1227 622 1274; x_wconf 88' lang='lat' dir='ltr'>saepe</span> <span class='ocrx_word' id='word_1_51' title='bbox 647 1225 844 1259; x_wconf 89' lang='lat' dir='ltr'>mecum</span> <span class='ocrx_word' id='word_1_52' title='bbox 868 1214 1071 1272; x_wconf 87' lang='lat' dir='ltr'>tempus</span> <span class='ocrx_word' id='word_1_53' title='bbox 1094 1208 1147 1255; x_wconf 92' lang='lat' dir='ltr'>in</span> <span class='ocrx_word' id='word_1_54' title='bbox 1172 1207 1411 1255; x_wconf 90' lang='lat' dir='ltr'>ultimum</span> 
     </span>
     <span class='ocr_line' id='line_1_14' title="bbox 398 1275 1270 1337; baseline -0.007 -10"><span class='ocrx_word' id='word_1_55' title='bbox 398 1280 643 1337; x_wconf 90' lang='lat' dir='ltr'>Deducte,</span> <span class='ocrx_word' id='word_1_56' title='bbox 681 1278 844 1325; x_wconf 90' lang='lat' dir='ltr'>Bruto</span> <span class='ocrx_word' id='word_1_57' title='bbox 880 1276 1092 1324; x_wconf 88' lang='lat' dir='ltr'>militiae</span> <span class='ocrx_word' id='word_1_58' title='bbox 1129 1275 1270 1334; x_wconf 89' lang='lat' dir='ltr'>duce,</span> 
     </span>
     <span class='ocr_line' id='line_1_15' title="bbox 467 1341 1270 1407; baseline -0.006 -14"><span class='ocrx_word' id='word_1_59' title='bbox 467 1346 594 1407; x_wconf 79' lang='lat' dir='ltr'>Quis</span> <span class='ocrx_word' id='word_1_60' title='bbox 629 1350 680 1392; x_wconf 90' lang='lat' dir='ltr'>te</span> <span class='ocrx_word' id='word_1_61' title='bbox 716 1343 983 1392; x_wconf 77' lang='lat' dir='ltr'>redonavit</span> <span class='ocrx_word' id='word_1_62' title='bbox 1020 1341 1270 1404; x_wconf 81' lang='lat' dir='ltr'>Quiritem</span> 
     </span>
     <span class='ocr_line' id='line_1_16' title="bbox 532 1408 1299 1475; baseline -0.008 -15"><span class='ocrx_word' id='word_1_63' title='bbox 532 1413 627 1460; x_wconf 89' lang='lat' dir='ltr'>Dis</span> <span class='ocrx_word' id='word_1_64' title='bbox 661 1411 838 1475; x_wconf 86' lang='lat' dir='ltr'>patriis</span> <span class='ocrx_word' id='word_1_65' title='bbox 876 1410 1110 1472; x_wconf 79' lang='lat' dir='ltr'>Italoque</span> <span class='ocrx_word' id='word_1_66' title='bbox 1145 1408 1299 1467; x_wconf 91' lang='lat' dir='ltr'>caelo,</span> 
     </span>
     <span class='ocr_line' id='line_1_17' title="bbox 402 1471 1738 1542; baseline -0.006 -15"><span class='ocrx_word' id='word_1_67' title='bbox 402 1479 629 1542; x_wconf 88' lang='lat' dir='ltr'>Pompei,</span> <span class='ocrx_word' id='word_1_68' title='bbox 656 1493 881 1525; x_wconf 90' lang='lat' dir='ltr'>meorum</span> <span class='ocrx_word' id='word_1_69' title='bbox 907 1477 1067 1539; x_wconf 87' lang='lat' dir='ltr'>prime</span> <span class='ocrx_word' id='word_1_70' title='bbox 1093 1471 1387 1523; x_wconf 78' lang='lat' dir='ltr'>sodalium?</span> <span class='ocrx_word' id='word_1_71' title='bbox 1707 1473 1738 1520; x_wconf 86' lang='lat'>5</span> 
     </span>
     <span class='ocr_line' id='line_1_18' title="bbox 401 1541 1472 1608; baseline -0.007 -13"><span class='ocrx_word' id='word_1_72' title='bbox 401 1547 533 1595; x_wconf 83' lang='lat' dir='ltr'>Cum</span> <span class='ocrx_word' id='word_1_73' title='bbox 558 1561 657 1608; x_wconf 91' lang='lat' dir='ltr'>quo</span> <span class='ocrx_word' id='word_1_74' title='bbox 682 1549 968 1591; x_wconf 88' lang='lat' dir='ltr'>morantem</span> <span class='ocrx_word' id='word_1_75' title='bbox 995 1556 1144 1605; x_wconf 88' lang='lat' dir='ltr'>saepe</span> <span class='ocrx_word' id='word_1_76' title='bbox 1172 1541 1309 1589; x_wconf 92' lang='lat' dir='ltr'>diem</span> <span class='ocrx_word' id='word_1_77' title='bbox 1333 1555 1472 1588; x_wconf 87' lang='lat' dir='ltr'>mero</span> 
     </span>
     <span class='ocr_line' id='line_1_19' title="bbox 470 1610 1533 1674; baseline -0.007 -14"><span class='ocrx_word' id='word_1_78' title='bbox 470 1613 637 1674; x_wconf 84' lang='lat' dir='ltr'>Fregi,</span> <span class='ocrx_word' id='word_1_79' title='bbox 675 1616 945 1659; x_wconf 90' lang='lat' dir='ltr'>coronatus</span> <span class='ocrx_word' id='word_1_80' title='bbox 982 1610 1204 1657; x_wconf 89' lang='lat' dir='ltr'>nitentes</span> <span class='ocrx_word' id='word_1_81' title='bbox 1530 1617 1533 1620; x_wconf 86' lang='grc'><strong><em>·</em></strong></span> 
     </span>
     <span class='ocr_line' id='line_1_20' title="bbox 529 1675 1304 1739; baseline -0.004 -13"><span class='ocrx_word' id='word_1_82' title='bbox 529 1678 855 1726; x_wconf 89' lang='lat' dir='ltr'>Malobathro</span> <span class='ocrx_word' id='word_1_83' title='bbox 894 1677 1045 1739; x_wconf 83' lang='lat' dir='ltr'>Syrio</span> <span class='ocrx_word' id='word_1_84' title='bbox 1080 1675 1304 1739; x_wconf 87' lang='lat' dir='ltr'>capillos.</span> 
     </span>
     <span class='ocr_line' id='line_1_21' title="bbox 401 1742 1397 1807; baseline -0.007 -13"><span class='ocrx_word' id='word_1_85' title='bbox 401 1747 591 1794; x_wconf 82' lang='lat' dir='ltr'>Tecum</span> <span class='ocrx_word' id='word_1_86' title='bbox 620 1745 884 1807; x_wconf 88' lang='lat' dir='ltr'>Philippos</span> <span class='ocrx_word' id='word_1_87' title='bbox 909 1749 961 1792; x_wconf 90' lang='lat' dir='ltr'>et</span> <span class='ocrx_word' id='word_1_88' title='bbox 985 1743 1197 1791; x_wconf 90' lang='lat' dir='ltr'>celerem</span> <span class='ocrx_word' id='word_1_89' title='bbox 1221 1742 1397 1803; x_wconf 90' lang='lat' dir='ltr'>fugam</span> 
     </span>
     <span class='ocr_line' id='line_1_22' title="bbox 403 1807 1742 1871; baseline -0.006 -9"><span class='ocrx_word' id='word_1_90' title='bbox 403 1813 564 1871; x_wconf 85' lang='lat' dir='ltr'>Sensi,</span> <span class='ocrx_word' id='word_1_91' title='bbox 602 1813 776 1860; x_wconf 90' lang='lat' dir='ltr'>relicta</span> <span class='ocrx_word' id='word_1_92' title='bbox 812 1826 915 1859; x_wconf 92' lang='lat' dir='ltr'>non</span> <span class='ocrx_word' id='word_1_93' title='bbox 952 1811 1080 1858; x_wconf 90' lang='lat' dir='ltr'>bene</span> <span class='ocrx_word' id='word_1_94' title='bbox 1115 1809 1363 1871; x_wconf 89' lang='lat' dir='ltr'>parmula,</span> <span class='ocrx_word' id='word_1_95' title='bbox 1681 1807 1742 1854; x_wconf 93' lang='lat'>10</span> 
     </span>
     <span class='ocr_line' id='line_1_23' title="bbox 471 1876 1357 1936; baseline -0.007 -8"><span class='ocrx_word' id='word_1_96' title='bbox 471 1880 601 1929; x_wconf 86' lang='lat' dir='ltr'>Cum</span> <span class='ocrx_word' id='word_1_97' title='bbox 637 1879 796 1926; x_wconf 90' lang='lat' dir='ltr'>fracta</span> <span class='ocrx_word' id='word_1_98' title='bbox 830 1879 1008 1936; x_wconf 84' lang='lat' dir='ltr'>virtus,</span> <span class='ocrx_word' id='word_1_99' title='bbox 1045 1876 1357 1924; x_wconf 73' lang='lat' dir='ltr'>et‘minaces</span> 
     </span>
     <span class='ocr_line' id='line_1_24' title="bbox 536 1945 1381 2007; baseline -0.006 -14"><span class='ocrx_word' id='word_1_100' title='bbox 536 1946 706 2007; x_wconf 86' lang='lat' dir='ltr'>Turpe</span> <span class='ocrx_word' id='word_1_101' title='bbox 743 1946 907 1992; x_wconf 91' lang='lat' dir='ltr'>solum</span> <span class='ocrx_word' id='word_1_102' title='bbox 943 1945 1159 2006; x_wconf 89' lang='lat' dir='ltr'>tetigere</span> <span class='ocrx_word' id='word_1_103' title='bbox 1194 1947 1381 1989; x_wconf 90' lang='lat' dir='ltr'>mento.</span> 
     </span>
     <span class='ocr_line' id='line_1_25' title="bbox 402 2008 1391 2074; baseline -0.006 -13"><span class='ocrx_word' id='word_1_104' title='bbox 402 2013 504 2062; x_wconf 86' lang='lat' dir='ltr'>Sed</span> <span class='ocrx_word' id='word_1_105' title='bbox 527 2027 609 2059; x_wconf 91' lang='lat' dir='ltr'>me</span> <span class='ocrx_word' id='word_1_106' title='bbox 634 2027 723 2074; x_wconf 93' lang='lat' dir='ltr'>per</span> <span class='ocrx_word' id='word_1_107' title='bbox 748 2012 923 2059; x_wconf 90' lang='lat' dir='ltr'>hostes</span> <span class='ocrx_word' id='word_1_108' title='bbox 950 2010 1235 2058; x_wconf 87' lang='lat' dir='ltr'>Mercurius</span> <span class='ocrx_word' id='word_1_109' title='bbox 1259 2008 1391 2056; x_wconf 89' lang='lat' dir='ltr'>celer</span> 
     </span>
     <span class='ocr_line' id='line_1_26' title="bbox 401 2077 1274 2140; baseline -0.006 -13"><span class='ocrx_word' id='word_1_110' title='bbox 401 2080 574 2128; x_wconf 91' lang='lat' dir='ltr'>Denso</span> <span class='ocrx_word' id='word_1_111' title='bbox 598 2083 869 2140; x_wconf 88' lang='lat' dir='ltr'>paventem</span> <span class='ocrx_word' id='word_1_112' title='bbox 897 2077 1106 2124; x_wconf 90' lang='lat' dir='ltr'>sustulit</span> <span class='ocrx_word' id='word_1_113' title='bbox 1130 2081 1241 2123; x_wconf 70' lang='lat' dir='ltr'>aere</span> <span class='ocrx_word' id='word_1_114' title='bbox 1261 2092 1274 2136; x_wconf 91' lang='lat'>;</span> 
     </span>
     <span class='ocr_line' id='line_1_27' title="bbox 472 2137 1744 2200; baseline -0.008 -7"><span class='ocrx_word' id='word_1_115' title='bbox 472 2146 543 2193; x_wconf 86' lang='lat' dir='ltr'>Tc</span> <span class='ocrx_word' id='word_1_116' title='bbox 568 2160 743 2192; x_wconf 87' lang='lat' dir='ltr'>rursus</span> <span class='ocrx_word' id='word_1_117' title='bbox 766 2145 819 2191; x_wconf 92' lang='lat' dir='ltr'>in</span> <span class='ocrx_word' id='word_1_118' title='bbox 844 2143 1035 2200; x_wconf 88' lang='lat' dir='ltr'>bellum</span> <span class='ocrx_word' id='word_1_119' title='bbox 1058 2142 1324 2190; x_wconf 87' lang='lat' dir='ltr'>resorbens</span> <span class='ocrx_word' id='word_1_120' title='bbox 1683 2137 1744 2184; x_wconf 85' lang='lat'>15</span> 
     </span>
     <span class='ocr_line' id='line_1_28' title="bbox 537 2208 1288 2259; baseline -0.005 0"><span class='ocrx_word' id='word_1_121' title='bbox 537 2212 692 2259; x_wconf 89' lang='lat' dir='ltr'>Unda</span> <span class='ocrx_word' id='word_1_122' title='bbox 715 2211 858 2258; x_wconf 85' lang='lat' dir='ltr'>fretis</span> <span class='ocrx_word' id='word_1_123' title='bbox 882 2210 1002 2256; x_wconf 91' lang='lat' dir='ltr'>tulit</span> <span class='ocrx_word' id='word_1_124' title='bbox 1025 2208 1288 2256; x_wconf 78' lang='lat' dir='ltr'>aestuosis,</span> 
     </span>
     <span class='ocr_line' id='line_1_29' title="bbox 402 2274 1397 2341; baseline -0.007 -14"><span class='ocrx_word' id='word_1_125' title='bbox 402 2279 544 2341; x_wconf 86' lang='lat' dir='ltr'>Ergo</span> <span class='ocrx_word' id='word_1_126' title='bbox 569 2279 849 2339; x_wconf 87' lang='lat' dir='ltr'>obligatam</span> <span class='ocrx_word' id='word_1_127' title='bbox 874 2276 1028 2323; x_wconf 89' lang='lat' dir='ltr'>redde</span> <span class='ocrx_word' id='word_1_128' title='bbox 1052 2276 1087 2323; x_wconf 85' lang='lat' dir='ltr'><strong>J</strong></span> <span class='ocrx_word' id='word_1_129' title='bbox 1092 2275 1175 2322; x_wconf 85' lang='lat' dir='ltr'>ovi</span> <span class='ocrx_word' id='word_1_130' title='bbox 1199 2274 1397 2337; x_wconf 89' lang='lat' dir='ltr'>dapem,</span> 
     </span>
     <span class='ocr_line' id='line_1_30' title="bbox 403 2341 1269 2407; baseline -0.007 -14"><span class='ocrx_word' id='word_1_131' title='bbox 403 2345 683 2407; x_wconf 86' lang='lat' dir='ltr'>Longaque</span> <span class='ocrx_word' id='word_1_132' title='bbox 710 2345 900 2390; x_wconf 88' lang='lat' dir='ltr'>fessum</span> <span class='ocrx_word' id='word_1_133' title='bbox 925 2342 1109 2389; x_wconf 92' lang='lat' dir='ltr'>militia</span> <span class='ocrx_word' id='word_1_134' title='bbox 1132 2341 1269 2388; x_wconf 89' lang='lat' dir='ltr'>latus</span> 
     </span>
     <span class='ocr_line' id='line_1_31' title="bbox 470 2410 1279 2474; baseline -0.006 -15"><span class='ocrx_word' id='word_1_135' title='bbox 470 2412 679 2474; x_wconf 90' lang='lat' dir='ltr'>Depone</span> <span class='ocrx_word' id='word_1_136' title='bbox 715 2411 809 2457; x_wconf 91' lang='lat' dir='ltr'>sub</span> <span class='ocrx_word' id='word_1_137' title='bbox 845 2410 991 2457; x_wconf 90' lang='lat' dir='ltr'>lauru</span> <span class='ocrx_word' id='word_1_138' title='bbox 1025 2423 1151 2466; x_wconf 90' lang='lat' dir='ltr'>mea,</span> <span class='ocrx_word' id='word_1_139' title='bbox 1187 2422 1279 2454; x_wconf 92' lang='lat' dir='ltr'>nec</span> 
     </span>
     <span class='ocr_line' id='line_1_32' title="bbox 540 2470 1747 2526; baseline -0.007 -1"><span class='ocrx_word' id='word_1_140' title='bbox 540 2479 698 2526; x_wconf 82' lang='lat' dir='ltr'>Parce</span> <span class='ocrx_word' id='word_1_141' title='bbox 734 2476 874 2524; x_wconf 87' lang='lat' dir='ltr'>cadis</span> <span class='ocrx_word' id='word_1_142' title='bbox 909 2476 1004 2523; x_wconf 90' lang='lat' dir='ltr'>tibi</span> <span class='ocrx_word' id='word_1_143' title='bbox 1039 2474 1320 2522; x_wconf 85' lang='lat' dir='ltr'>destinatis.</span> <span class='ocrx_word' id='word_1_144' title='bbox 1684 2470 1747 2517; x_wconf 83' lang='lat'>20</span> 
     </span>
     <span class='ocr_line' id='line_1_33' title="bbox 405 2541 1092 2593; baseline -0.004 -1"><span class='ocrx_word' id='word_1_145' title='bbox 405 2545 669 2593; x_wconf 89' lang='lat' dir='ltr'>Oblivioso</span> <span class='ocrx_word' id='word_1_146' title='bbox 703 2544 836 2590; x_wconf 88' lang='lat' dir='ltr'>levia</span> <span class='ocrx_word' id='word_1_147' title='bbox 872 2541 1092 2589; x_wconf 89' lang='lat' dir='ltr'>Massico</span> 
     </span>
     <span class='ocr_line' id='line_1_34' title="bbox 407 2607 1293 2673; baseline -0.008 -14"><span class='ocrx_word' id='word_1_148' title='bbox 407 2611 612 2661; x_wconf 86' lang='lat' dir='ltr'>Ciboria</span> <span class='ocrx_word' id='word_1_149' title='bbox 636 2611 808 2673; x_wconf 88' lang='lat' dir='ltr'>exple;</span> <span class='ocrx_word' id='word_1_150' title='bbox 844 2610 995 2657; x_wconf 89' lang='lat' dir='ltr'>funde</span> <span class='ocrx_word' id='word_1_151' title='bbox 1020 2607 1293 2670; x_wconf 86' lang='lat' dir='ltr'>capacibus</span> 
     </span>
     <span class='ocr_line' id='line_1_35' title="bbox 473 2671 1404 2739; baseline -0.009 -13"><span class='ocrx_word' id='word_1_152' title='bbox 473 2679 752 2739; x_wconf 89' lang='lat' dir='ltr'>Unguenta</span> <span class='ocrx_word' id='word_1_153' title='bbox 776 2678 837 2724; x_wconf 90' lang='lat' dir='ltr'>de</span> <span class='ocrx_word' id='word_1_154' title='bbox 863 2676 1079 2723; x_wconf 90' lang='lat' dir='ltr'>conchis.</span> <span class='ocrx_word' id='word_1_155' title='bbox 1153 2673 1280 2734; x_wconf 82' lang='lat' dir='ltr'>Quis</span> <span class='ocrx_word' id='word_1_156' title='bbox 1303 2671 1404 2718; x_wconf 90' lang='lat' dir='ltr'>udo</span> 
     </span>
     <span class='ocr_line' id='line_1_36' title="bbox 537 2743 1279 2806; baseline -0.009 -14"><span class='ocrx_word' id='word_1_157' title='bbox 537 2745 881 2806; x_wconf 91' lang='lat' dir='ltr'>Deproperare</span> <span class='ocrx_word' id='word_1_158' title='bbox 919 2743 1033 2805; x_wconf 92' lang='lat' dir='ltr'>apio</span> <span class='ocrx_word' id='word_1_159' title='bbox 1069 2754 1279 2789; x_wconf 88' lang='lat' dir='ltr'>coronas</span> 
     </span>
    </p>
   </div>
   <div class='ocr_carea' id='block_1_5' title="bbox 109 2862 1739 3054">
    <p class='ocr_par' dir='ltr' id='par_1_5' title="bbox 109 2862 1739 3054">
     <span class='ocr_line' id='line_1_37' title="bbox 109 2862 1739 3054; baseline -0.009 -140"><span class='ocrx_word' id='word_1_160' title='bbox 109 2875 272 3054; x_wconf 34' lang='lat' dir='ltr'>Nm</span> <span class='ocrx_word' id='word_1_161' title='bbox 290 2875 414 2913; x_wconf 69' lang='lat' dir='ltr'>bacca</span> <span class='ocrx_word' id='word_1_162' title='bbox 476 2874 524 2910; x_wconf 79' lang='lat'>19</span> <span class='ocrx_word' id='word_1_163' title='bbox 543 2872 688 2910; x_wconf 82' lang='lat' dir='ltr'>fertilis</span> <span class='ocrx_word' id='word_1_164' title='bbox 741 2872 788 2908; x_wconf 89' lang='lat'>19</span> <span class='ocrx_word' id='word_1_165' title='bbox 807 2870 977 2907; x_wconf 84' lang='lat' dir='ltr'>nimium</span> <span class='ocrx_word' id='word_1_166' title='bbox 1029 2870 1079 2906; x_wconf 85' lang='lat'>24</span> <span class='ocrx_word' id='word_1_167' title='bbox 1097 2867 1208 2906; x_wconf 87' lang='lat' dir='ltr'>Orati</span> <span class='ocrx_word' id='word_1_168' title='bbox 1261 2867 1309 2902; x_wconf 88' lang='lat'>12</span> <span class='ocrx_word' id='word_1_169' title='bbox 1330 2865 1465 2916; x_wconf 77' lang='lat' dir='ltr'>(turpe</span> <span class='ocrx_word' id='word_1_170' title='bbox 1477 2862 1504 2912; x_wconf 89' lang='lat'>!)</span> <span class='ocrx_word' id='word_1_171' title='bbox 1559 2864 1608 2900; x_wconf 80' lang='lat'>19</span> <span class='ocrx_word' id='word_1_172' title='bbox 1624 2863 1739 2900; x_wconf 80' lang='lat' dir='ltr'>lauro</span> 
     </span>
    </p>
   </div>
  </div>
 </body>
</html>
