1878 3054
211 182 314 252 136
650 193 891 232 ΗοΒΑΤΙ
935 192 1306 233 sAmRARvn

209 326 298 376 Nil
325 325 534 388 aequale
561 325 753 373 homini
778 326 874 373 fuit
898 326 1002 387 illi;
1039 341 1189 388 saepe
1214 326 1356 374 velut
1379 325 1467 389 qui

211 393 463 443 Currebat
488 393 691 454 fugiens
719 392 934 451 hostem,
960 408 1203 455 persaepe
1231 393 1368 440 velut
1394 393 1480 455 qui
1712 397 1772 444 10

208 461 246 510 J
250 460 433 507 unonis
461 474 604 506 sacra
629 459 807 520 ferret3
843 460 1065 507 habebat
1089 474 1239 521 saepe
1263 460 1521 519 ducentos,
1640 462 1648 472 '

214 527 374 589 Saepe
403 527 575 574 decem
603 538 808 587 servos3
844 527 996 573 modo
1019 541 1168 588 reges
1194 538 1346 588 atque
1371 525 1666 586 tetrarchas,

213 593 401 642 Omnia
420 608 609 654 magna
627 593 854 655 loquens,
876 594 1042 651 modo,
1066 598 1092 617 “
1111 593 1190 641 Sit
1207 593 1334 640 mihi
1353 603 1531 641 mensa
1547 594 1703 656 tripes

214 660 424 709 Concha
449 661 573 707 salis
598 661 709 722 puri
734 665 784 707 et
809 665 946 722 toga,
973 675 1100 722 quae
1125 660 1390 707 defendere
1414 661 1591 723 friguS,
1648 704 1658 712 .

213 727 463 788 Quamvis
490 741 676 785 crassa,
705 729 907 789 queat.''
979 727 1160 774 Decies
1185 731 1403 774 centena·
1419 728 1647 775 dedisses
1716 730 1775 776 15
1868 729 1870 731 ’

212 794 350 842 Huic
378 808 545 855 parco,
572 794 751 855 paucis
777 796 1030 852 contento,-
1053 794 1273 856 quinque
1299 795 1479 841 diebus

212 859 301 908 Nil
326 866 436 907 erat
459 860 511 907 in
536 860 729 907 loculis.
805 860 998 908 Noctes
1026 861 1274 922 vigilabat
1300 860 1365 908 ad
1388 861 1555 924 ipsum

213 927 382 984 Mane,
410 927 544 974 diem
570 931 736 974 totum
764 928 1023 975 stertebat.
1097 927 1186 975 Nil
1212 927 1311 975 fuit
1333 943 1574 990 umquam

216 993 301 1042 Sic
325 994 487 1056 impar
514 993 625 1041 sibi.
645 1021 708 1027 —
726 994 877 1042 Nunc
904 994 1089 1057 aliquis
1115 994 1251 1042 dicat
1275 995 1430 1042 mihi:
1458 999 1485 1019 “
1505 994 1637 1055 Quid
1660 992 1755 1042 tu?

176 1083 178 1086 ·
212 1059 435 1109 Nullane
454 1060 612 1107 habes
630 1059 795 1108 vitia?
819 1063 846 1087 '’
884 1061 1049 1108 Immo
1069 1061 1171 1108 alia
1186 1067 1238 1109 et
1254 1062 1468 1109 fortasse
1484 1051 1705 1109 miiioras
1719 1058 1781 1103 20
1804 1072 1827 1095 ³

213 1127 450 1175 Maenius
476 1127 734 1174 absentem
764 1127 991 1175 Novium
1017 1143 1130 1175 cum
1157 1134 1396 1191 carperet,
1424 1129 1616 1176 “Heus
1641 1130 1746 1186 tu,'‘
1775 1137 1871 1230 «ὦ

170 1218 176 1225 ·
218 1194 439 1255 Quidam
466 1195 549 1252 ait,
580 1195 834 1255 “ignoras
858 1194 947 1243 te?
987 1211 1053 1242 an
1079 1200 1137 1243 ut
1162 1196 1394 1258 ignotum
1419 1195 1540 1243 dare
1566 1196 1713 1243 nobis
1769 1191 1794 1228 J

216 1260 390 1309 Verba
408 1259 597 1322 putas?
618 1263 644 1287 ''
690 1261 954 1323 “Egomet
974 1262 1043 1308 mi
1064 1259 1323 1324 ignosco‚”
1342 1234 1579 1310 M‘aenius
1598 1263 1779 1325 inquit.
1806 1293 1809 1298 ·

217 1327 417 1376 Stultus
442 1334 494 1375 et
517 1327 782 1389 improbus
810 1328 890 1376 hic
918 1344 1059 1376 amor
1085 1334 1178 1387 est,
1207 1331 1492 1393 dignusque
1518 1331 1700 1378 notari.

217 1394 348 1443 Cum
372 1399 464 1442 tua
488 1395 757 1456 pervideas
785 1396 945 1443 oculis
973 1396 1110 1443 mala
1135 1396 1302 1459 lippus
1327 1397 1562 1456 inunctis,
1669 1455 1676 1459 .
1718 1398 1778 1443 25

218 1461 323 1510 Cur
347 1461 398 1507 in
424 1461 698 1508 amicorum
726 1462 869 1509 vitiis
894 1468 1001 1509 tam
1032 1464 1195 1511 cernis
1222 1469 1426 1511 acutum

217 1529 383 1589 Quam
401 1533 491 1574 aut
507 1528 678 1590 aquila
694 1533 784 1575 aut
800 1544 1010 1591 serpens
1032 1529 1379 1592 EpidauriuS?
1407 1531 1481 1579 At
1496 1531 1590 1579 tibi
1606 1535 1782 1579 contra

217 1594 419 1652 Evenit,
446 1595 706 1657 inquirant
735 1595 859 1643 vitia
884 1601 940 1643 ut
965 1602 1056 1644 tua
1085 1611 1260 1645 rursus
1284 1603 1335 1645 et
1359 1598 1446 1646 illi.

217 1661 516 1709 Iracundior
538 1667 616 1709 est
641 1662 809 1724 paulo,
839 1663 1008 1716 minus
1039 1669 1196 1726 aptus·
1215 1665 1376 1713 acutis
1546 1720 1555 1728 .

217 1727 446 1776 Naribus
472 1727 652 1776 horum
678 1729 942 1776 hominum
965 1747 977 1791 3
1016 1730 1168 1778 rideri
1193 1733 1356 1796 possit
1379 1747 1454 1792 eo,
1480 1733 1615 1796 quod
1656 1763 1666 1790 5
1718 1734 1782 1780 30

217 1795 484 1844 Rusticius
506 1800 655 1843 tonso
680 1801 804 1857 toga
830 1796 1019 1855 defluit,
1049 1802 1100 1845 et
1125 1799 1256 1846 male
1281 1799 1428 1847 laxus
1601 1840 1606 1844 .

217 1861 282 1910 In
304 1861 430 1924 pede
455 1862 654 1909 calceus
680 1863 885 1912 haeret:
928 1868 982 1911 at
1008 1869 1088 1912 est
1113 1865 1300 1931 bonus,
1316 1873 1374 1914 ut
1398 1866 1577 1915 melior
1601 1865 1679 1916 vir

217 1927 338 1976 Non
363 1929 494 1975 alius
518 1929 800 1991 quisquam,
832 1936 883 1978 at
902 1931 995 1978 tibi
1024 1933 1232 1991 amicus,
1253 1938 1308 1981 at
1325 1933 1585 1996 ingenium
1603 1935 1784 1998 ingens

218 1995 419 2043 Inculto
444 1995 570 2042 latet
595 1996 690 2043 hoc
716 1998 810 2044 sub
840 2012 1057 2060 corpore.
1132 1999 1365 2064 Denique
1388 2006 1440 2049 te
1465 2003 1631 2065 ipsum

221 2061 462 2119 Goncute,
491 2077 610 2108 num
639 2078 740 2124 qua
768 2064 860 2110 tibi
888 2064 1130 2112 vitiorum
1158 2067 1400 2115 inseverit
1423 2069 1544 2117 olim
1666 2089 1671 2094 ¹
1721 2077 1784 2124 35

221 2128 437 2184 Natura,
465 2132 551 2175 aut
577 2128 732 2176 etiam
762 2132 1075 2179 consuetudo
1100 2134 1270 2195 mala·,
1302 2149 1520 2199 namque
1677 2131 1683 2136 ’

220 2194 482 2257 Neglectis
507 2197 700 2243 urenda
729 2195 832 2244 filix
858 2198 1144 2246 innascitur
1168 2195 1321 2263 agris,

269 2328 417 2376 ‘Illuc
440 2333 854 2390 p-raevertamur:
895 2337 1174 2387 amatorem
1199 2335 1339 2397 quod·
1359 2335 1548 2387 amicae

170 2399 173 2401 ’
221 2395 410 2457 Turpia
434 2395 690 2456 decipiunt
717 2412 921 2445 caecum
948 2401 1088 2459 vitia,
1117 2406 1207 2448 aut
1230 2402 1386 2449 etiam
1410 2403 1522 2466 ipsa
1547 2403 1670 2452 haec

220 2461 503 2519 Delectant,
531 2462 689 2509 veluti
717 2463 992 2513 Balbinum
1017 2468 1239 2531 polypus
1264 2468 1513 2532 Hagnae:
1726 2476 1787 2522 40

221 2528 420 2575 Vellem
447 2528 500 2575 in
526 2528 750 2576 amicitia
778 2531 848 2579 sic
873 2545 1168 2593 erraremus,
1195 2540 1246 2583 et
1269 2535 1355 2584 isti

221 2594 394 2642 Errori
421 2610 603 2642 nomen
632 2596 796 2644 virtus
821 2601 1076 2660 posuisset
1100 2602 1384 2650 honestum.

220 2660 297 2709 At
322 2666 464 2724 pater
490 2667 546 2709 ut
572 2664 729 2724 gnati,
759 2665 831 2712 sic
856 2681 948 2714 nos
975 2668 1213 2716 debemus
1238 2670 1385 2718 amici

224 2726 279 2775 Si
303 2728 438 2790 quod
465 2728 532 2775 sit
557 2729 738 2783 vitium
764 2746 865 2778 non
890 2733 1152 2797 fastidire3
1189 2737 1480 2784 strabonem

276 2857 322 2891 15
343 2857 502 2892 deciens
554 2857 602 2893 20
622 2857 731 2895 haud
751 2860 920 2897 fortasse
972 2861 1020 2900 27
1040 2875 1086 2900 ac
1105 2864 1179 2900 tibi
1232 2866 1280 2902 43
1300 2877 1346 2903 ac
1363 2869 1481 2918 pater
1530 2867 1579 2903 43
1599 2867 1738 2909 amici!
