<?xml version="1.0" encoding="UTF-8"?>
<!DOCTYPE html PUBLIC "-//W3C//DTD XHTML 1.0 Transitional//EN"
    "http://www.w3.org/TR/xhtml1/DTD/xhtml1-transitional.dtd">
<html xmlns="http://www.w3.org/1999/xhtml" xml:lang="en" lang="en">
 <head>
  <title>
</title>
<meta http-equiv="Content-Type" content="text/html;charset=utf-8" />
  <meta name='ocr-system' content='tesseract 3.04.00' />
  <meta name='ocr-capabilities' content='ocr_page ocr_carea ocr_par ocr_line ocrx_word'/>
</head>
<body>
  <div class='ocr_page' id='page_1' title='image "./workschase00horauoft_0152.png"; bbox 0 0 1878 3054; ppageno 0'>
   <div class='ocr_carea' id='block_1_1' title="bbox 233 181 1348 233">
    <p class='ocr_par' dir='ltr' id='par_1_1' title="bbox 233 181 1348 233">
     <span class='ocr_line' id='line_1_1' title="bbox 233 181 1348 233; baseline -0.002 -1"><span class='ocrx_word' id='word_1_1' title='bbox 233 181 346 233; x_wconf 74' lang='lat'>&gt;148</span> <span class='ocrx_word' id='word_1_2' title='bbox 695 192 937 231; x_wconf 77' lang='lat' dir='ltr'>HORATI</span> <span class='ocrx_word' id='word_1_3' title='bbox 979 190 1348 232; x_wconf 79' lang='lat' dir='ltr'>SA&#39;HRARVM</span> 
     </span>
    </p>
   </div>
   <div class='ocr_carea' id='block_1_2' title="bbox 239 323 1784 521">
    <p class='ocr_par' dir='ltr' id='par_1_2' title="bbox 239 323 1784 521">
     <span class='ocr_line' id='line_1_2' title="bbox 239 323 1633 387; baseline -0.001 -13"><span class='ocrx_word' id='word_1_4' title='bbox 239 326 308 374; x_wconf 89' lang='lat' dir='ltr'>Et</span> <span class='ocrx_word' id='word_1_5' title='bbox 333 325 580 373; x_wconf 87' lang='lat' dir='ltr'>Messalla</span> <span class='ocrx_word' id='word_1_6' title='bbox 606 324 793 372; x_wconf 88' lang='lat' dir='ltr'>videris</span> <span class='ocrx_word' id='word_1_7' title='bbox 814 323 836 372; x_wconf 70' lang='grc' dir='ltr'><em>ἲ</em></span> <span class='ocrx_word' id='word_1_8' title='bbox 909 324 984 373; x_wconf 90' lang='lat' dir='ltr'>At</span> <span class='ocrx_word' id='word_1_9' title='bbox 1009 324 1102 382; x_wconf 88' lang='lat' dir='ltr'>hic,</span> <span class='ocrx_word' id='word_1_10' title='bbox 1131 324 1174 372; x_wconf 91' lang='lat' dir='ltr'>si</span> <span class='ocrx_word' id='word_1_11' title='bbox 1197 324 1391 387; x_wconf 81' lang='lat' dir='ltr'>plostra</span> <span class='ocrx_word' id='word_1_12' title='bbox 1414 324 1633 372; x_wconf 81' lang='lat' dir='ltr'>ducenta</span> 
     </span>
     <span class='ocr_line' id='line_1_3' title="bbox 240 391 1571 453; baseline -0.002 -12"><span class='ocrx_word' id='word_1_13' title='bbox 240 392 652 453; x_wconf 83' lang='lat' dir='ltr'>Concurrantque</span> <span class='ocrx_word' id='word_1_14' title='bbox 680 392 787 438; x_wconf 88' lang='lat' dir='ltr'>foro</span> <span class='ocrx_word' id='word_1_15' title='bbox 811 391 910 438; x_wconf 88' lang='lat' dir='ltr'>tria</span> <span class='ocrx_word' id='word_1_16' title='bbox 934 392 1126 449; x_wconf 90' lang='lat' dir='ltr'>funera,</span> <span class='ocrx_word' id='word_1_17' title='bbox 1154 406 1344 453; x_wconf 86' lang='lat' dir='ltr'>magna</span> <span class='ocrx_word' id='word_1_18' title='bbox 1367 393 1571 439; x_wconf 86' lang='lat' dir='ltr'>sonabit</span> 
     </span>
     <span class='ocr_line' id='line_1_4' title="bbox 241 458 1784 521; baseline -0.001 -13"><span class='ocrx_word' id='word_1_19' title='bbox 241 459 446 509; x_wconf 86' lang='lat' dir='ltr'>Cornua</span> <span class='ocrx_word' id='word_1_20' title='bbox 470 459 604 521; x_wconf 90' lang='lat' dir='ltr'>quod</span> <span class='ocrx_word' id='word_1_21' title='bbox 634 458 902 520; x_wconf 83' lang='lat' dir='ltr'>vincatque</span> <span class='ocrx_word' id='word_1_22' title='bbox 927 458 1109 519; x_wconf 89' lang='lat' dir='ltr'>tubas;</span> <span class='ocrx_word' id='word_1_23' title='bbox 1147 458 1327 505; x_wconf 90' lang='lat' dir='ltr'>saltem</span> <span class='ocrx_word' id='word_1_24' title='bbox 1353 464 1495 506; x_wconf 87' lang='lat' dir='ltr'>tenet</span> <span class='ocrx_word' id='word_1_25' title='bbox 1521 458 1615 507; x_wconf 90' lang='lat' dir='ltr'>hoc</span> <span class='ocrx_word' id='word_1_26' title='bbox 1639 459 1784 507; x_wconf 70' lang='lat' dir='ltr'>nos„</span> 
     </span>
    </p>
   </div>
   <div class='ocr_carea' id='block_1_3' title="bbox 239 597 1806 1934">
    <p class='ocr_par' dir='ltr' id='par_1_3' title="bbox 239 597 1806 1934">
     <span class='ocr_line' id='line_1_5' title="bbox 305 597 1795 660; baseline -0.001 -13"><span class='ocrx_word' id='word_1_27' title='bbox 305 599 455 647; x_wconf 89' lang='lat' dir='ltr'>Nunc</span> <span class='ocrx_word' id='word_1_28' title='bbox 481 599 544 646; x_wconf 90' lang='lat' dir='ltr'>ad</span> <span class='ocrx_word' id='word_1_29' title='bbox 570 612 648 645; x_wconf 90' lang='lat' dir='ltr'>me</span> <span class='ocrx_word' id='word_1_30' title='bbox 674 597 823 646; x_wconf 88' lang='lat' dir='ltr'>redeo</span> <span class='ocrx_word' id='word_1_31' title='bbox 850 597 1088 645; x_wconf 85' lang='lat' dir='ltr'>libertino</span> <span class='ocrx_word' id='word_1_32' title='bbox 1114 602 1258 660; x_wconf 88' lang='lat' dir='ltr'>patre</span> <span class='ocrx_word' id='word_1_33' title='bbox 1285 601 1476 658; x_wconf 85' lang='lat' dir='ltr'>natum,</span> <span class='ocrx_word' id='word_1_34' title='bbox 1736 605 1795 652; x_wconf 83' lang='lat'>45</span> 
     </span>
     <span class='ocr_line' id='line_1_6' title="bbox 240 665 1465 728; baseline -0.002 -14"><span class='ocrx_word' id='word_1_35' title='bbox 240 667 403 728; x_wconf 78' lang='lat' dir='ltr'>Quem</span> <span class='ocrx_word' id='word_1_36' title='bbox 429 667 614 713; x_wconf 87' lang='lat' dir='ltr'>rodunt</span> <span class='ocrx_word' id='word_1_37' title='bbox 639 680 812 712; x_wconf 92' lang='lat' dir='ltr'>omnes</span> <span class='ocrx_word' id='word_1_38' title='bbox 842 665 1078 712; x_wconf 86' lang='lat' dir='ltr'>libertino</span> <span class='ocrx_word' id='word_1_39' title='bbox 1104 669 1248 727; x_wconf 89' lang='lat' dir='ltr'>patre</span> <span class='ocrx_word' id='word_1_40' title='bbox 1274 667 1465 724; x_wconf 89' lang='lat' dir='ltr'>natum,</span> 
     </span>
     <span class='ocr_line' id='line_1_7' title="bbox 239 731 1695 795; baseline 0 -14"><span class='ocrx_word' id='word_1_41' title='bbox 239 734 403 791; x_wconf 90' lang='lat' dir='ltr'>Nunc,</span> <span class='ocrx_word' id='word_1_42' title='bbox 431 733 548 795; x_wconf 92' lang='lat' dir='ltr'>quia</span> <span class='ocrx_word' id='word_1_43' title='bbox 573 733 669 779; x_wconf 89' lang='lat' dir='ltr'>sim</span> <span class='ocrx_word' id='word_1_44' title='bbox 694 732 803 788; x_wconf 88' lang='lat' dir='ltr'>tibi,</span> <span class='ocrx_word' id='word_1_45' title='bbox 835 731 1122 790; x_wconf 75' lang='lat' dir='ltr'>Maecenas,</span> <span class='ocrx_word' id='word_1_46' title='bbox 1151 731 1443 793; x_wconf 81' lang='lat' dir='ltr'>convictor3</span> <span class='ocrx_word' id='word_1_47' title='bbox 1481 736 1535 780; x_wconf 90' lang='lat' dir='ltr'>at</span> <span class='ocrx_word' id='word_1_48' title='bbox 1559 732 1695 791; x_wconf 92' lang='lat' dir='ltr'>olim,</span> 
     </span>
     <span class='ocr_line' id='line_1_8' title="bbox 241 799 1429 862; baseline -0.002 -15"><span class='ocrx_word' id='word_1_49' title='bbox 241 801 389 862; x_wconf 82' lang='lat' dir='ltr'>Quod</span> <span class='ocrx_word' id='word_1_50' title='bbox 414 800 538 846; x_wconf 89' lang='lat' dir='ltr'>mihi</span> <span class='ocrx_word' id='word_1_51' title='bbox 561 805 759 861; x_wconf 87' lang='lat' dir='ltr'>pareret</span> <span class='ocrx_word' id='word_1_52' title='bbox 786 799 920 860; x_wconf 87' lang='lat' dir='ltr'>legio</span> <span class='ocrx_word' id='word_1_53' title='bbox 951 799 1188 846; x_wconf 86' lang='lat' dir='ltr'>Romana</span> <span class='ocrx_word' id='word_1_54' title='bbox 1213 799 1429 846; x_wconf 88' lang='lat' dir='ltr'>tribuno.</span> 
     </span>
     <span class='ocr_line' id='line_1_9' title="bbox 239 864 1685 928; baseline -0.001 -13"><span class='ocrx_word' id='word_1_55' title='bbox 239 867 499 915; x_wconf 84' lang='lat' dir='ltr'>Dissimile</span> <span class='ocrx_word' id='word_1_56' title='bbox 527 866 620 913; x_wconf 90' lang='lat' dir='ltr'>hoc</span> <span class='ocrx_word' id='word_1_57' title='bbox 646 866 719 912; x_wconf 86' lang='lat' dir='ltr'>illi</span> <span class='ocrx_word' id='word_1_58' title='bbox 746 871 856 926; x_wconf 90' lang='lat' dir='ltr'>est;</span> <span class='ocrx_word' id='word_1_59' title='bbox 896 866 1019 928; x_wconf 90' lang='lat' dir='ltr'>quia</span> <span class='ocrx_word' id='word_1_60' title='bbox 1045 881 1161 923; x_wconf 90' lang='lat' dir='ltr'>non,</span> <span class='ocrx_word' id='word_1_61' title='bbox 1191 870 1248 912; x_wconf 91' lang='lat' dir='ltr'>ut</span> <span class='ocrx_word' id='word_1_62' title='bbox 1274 866 1419 913; x_wconf 87' lang='lat' dir='ltr'>forsit</span> <span class='ocrx_word' id='word_1_63' title='bbox 1444 864 1685 914; x_wconf 86' lang='lat' dir='ltr'>honorem</span> 
     </span>
     <span class='ocr_line' id='line_1_10' title="bbox 239 932 1800 995; baseline 0.001 -13"><span class='ocrx_word' id='word_1_64' title='bbox 239 935 274 982; x_wconf 88' lang='lat' dir='ltr'>J</span> <span class='ocrx_word' id='word_1_65' title='bbox 279 949 364 981; x_wconf 88' lang='lat' dir='ltr'>ure</span> <span class='ocrx_word' id='word_1_66' title='bbox 391 933 516 981; x_wconf 89' lang='lat' dir='ltr'>mihi</span> <span class='ocrx_word' id='word_1_67' title='bbox 543 933 772 980; x_wconf 85' lang='lat' dir='ltr'>invideat</span> <span class='ocrx_word' id='word_1_68' title='bbox 798 933 982 995; x_wconf 87' lang='lat' dir='ltr'>quivis,</span> <span class='ocrx_word' id='word_1_69' title='bbox 1011 932 1084 980; x_wconf 89' lang='lat' dir='ltr'>ita</span> <span class='ocrx_word' id='word_1_70' title='bbox 1109 937 1159 980; x_wconf 91' lang='lat' dir='ltr'>te</span> <span class='ocrx_word' id='word_1_71' title='bbox 1186 947 1381 995; x_wconf 89' lang='lat' dir='ltr'>quoque</span> <span class='ocrx_word' id='word_1_72' title='bbox 1407 933 1636 991; x_wconf 88' lang='lat' dir='ltr'>amicum,</span> <span class='ocrx_word' id='word_1_73' title='bbox 1739 938 1800 984; x_wconf 87' lang='lat'>50</span> 
     </span>
     <span class='ocr_line' id='line_1_11' title="bbox 241 1000 1474 1063; baseline -0.002 -15"><span class='ocrx_word' id='word_1_74' title='bbox 241 1001 547 1048; x_wconf 84' lang='lat' dir='ltr'>Praesertim</span> <span class='ocrx_word' id='word_1_75' title='bbox 572 1006 776 1048; x_wconf 90' lang='lat' dir='ltr'>cautum</span> <span class='ocrx_word' id='word_1_76' title='bbox 805 1000 988 1061; x_wconf 87' lang='lat' dir='ltr'>dignos</span> <span class='ocrx_word' id='word_1_77' title='bbox 1017 1014 1288 1058; x_wconf 82' lang='lat' dir='ltr'>assumere,</span> <span class='ocrx_word' id='word_1_78' title='bbox 1315 1014 1474 1063; x_wconf 89' lang='lat' dir='ltr'>prava</span> 
     </span>
     <span class='ocr_line' id='line_1_12' title="bbox 241 1066 1483 1130; baseline -0.002 -14"><span class='ocrx_word' id='word_1_79' title='bbox 241 1068 536 1117; x_wconf 86' lang='lat' dir='ltr'>Ambitione</span> <span class='ocrx_word' id='word_1_80' title='bbox 563 1067 747 1130; x_wconf 89' lang='lat' dir='ltr'>procul.</span> <span class='ocrx_word' id='word_1_81' title='bbox 824 1067 1046 1114; x_wconf 83' lang='lat' dir='ltr'>Felicem</span> <span class='ocrx_word' id='word_1_82' title='bbox 1071 1067 1237 1114; x_wconf 79' lang='lat' dir='ltr'>dicere</span> <span class='ocrx_word' id='word_1_83' title='bbox 1262 1082 1362 1114; x_wconf 94' lang='lat' dir='ltr'>non</span> <span class='ocrx_word' id='word_1_84' title='bbox 1388 1066 1483 1114; x_wconf 90' lang='lat' dir='ltr'>hoc</span> 
     </span>
     <span class='ocr_line' id='line_1_13' title="bbox 242 1133 1464 1197; baseline -0.002 -15"><span class='ocrx_word' id='word_1_85' title='bbox 242 1135 327 1183; x_wconf 89' lang='lat' dir='ltr'>Me</span> <span class='ocrx_word' id='word_1_86' title='bbox 354 1135 561 1197; x_wconf 87' lang='lat' dir='ltr'>possim,</span> <span class='ocrx_word' id='word_1_87' title='bbox 589 1149 710 1181; x_wconf 91' lang='lat' dir='ltr'>casu</span> <span class='ocrx_word' id='word_1_88' title='bbox 736 1135 871 1196; x_wconf 92' lang='lat' dir='ltr'>quod</span> <span class='ocrx_word' id='word_1_89' title='bbox 898 1140 947 1181; x_wconf 90' lang='lat' dir='ltr'>te</span> <span class='ocrx_word' id='word_1_90' title='bbox 976 1133 1187 1181; x_wconf 88' lang='lat' dir='ltr'>sortitus</span> <span class='ocrx_word' id='word_1_91' title='bbox 1213 1134 1464 1195; x_wconf 80' lang='lat' dir='ltr'>amicum3</span> 
     </span>
     <span class='ocr_line' id='line_1_14' title="bbox 242 1200 1609 1263; baseline -0.001 -14"><span class='ocrx_word' id='word_1_92' title='bbox 242 1201 398 1250; x_wconf 91' lang='lat' dir='ltr'>Nulla</span> <span class='ocrx_word' id='word_1_93' title='bbox 422 1202 610 1249; x_wconf 84' lang='lat' dir='ltr'>etenim</span> <span class='ocrx_word' id='word_1_94' title='bbox 636 1201 758 1248; x_wconf 89' lang='lat' dir='ltr'>mihi</span> <span class='ocrx_word' id='word_1_95' title='bbox 784 1206 833 1248; x_wconf 87' lang='lat' dir='ltr'>te</span> <span class='ocrx_word' id='word_1_96' title='bbox 859 1202 962 1248; x_wconf 87' lang='lat' dir='ltr'>fors</span> <span class='ocrx_word' id='word_1_97' title='bbox 989 1201 1202 1249; x_wconf 89' lang='lat' dir='ltr'>obtulit:</span> <span class='ocrx_word' id='word_1_98' title='bbox 1241 1201 1463 1263; x_wconf 84' lang='lat' dir='ltr'>optimus</span> <span class='ocrx_word' id='word_1_99' title='bbox 1488 1200 1609 1248; x_wconf 90' lang='lat' dir='ltr'>olim</span> 
     </span>
     <span class='ocr_line' id='line_1_15' title="bbox 241 1268 1804 1331; baseline 0.001 -15"><span class='ocrx_word' id='word_1_100' title='bbox 241 1269 514 1331; x_wconf 87' lang='lat' dir='ltr'>Vergilius,</span> <span class='ocrx_word' id='word_1_101' title='bbox 539 1273 657 1331; x_wconf 89' lang='lat' dir='ltr'>post</span> <span class='ocrx_word' id='word_1_102' title='bbox 682 1268 815 1315; x_wconf 91' lang='lat' dir='ltr'>hunc</span> <span class='ocrx_word' id='word_1_103' title='bbox 842 1268 1034 1316; x_wconf 88' lang='lat' dir='ltr'>Varius</span> <span class='ocrx_word' id='word_1_104' title='bbox 1060 1268 1230 1315; x_wconf 85' lang='lat' dir='ltr'>dixere</span> <span class='ocrx_word' id='word_1_105' title='bbox 1255 1268 1376 1330; x_wconf 90' lang='lat' dir='ltr'>quid</span> <span class='ocrx_word' id='word_1_106' title='bbox 1401 1283 1578 1316; x_wconf 86' lang='lat' dir='ltr'>essem.</span> <span class='ocrx_word' id='word_1_107' title='bbox 1741 1271 1804 1317; x_wconf 83' lang='lat'>55</span> 
     </span>
     <span class='ocr_line' id='line_1_16' title="bbox 242 1335 1387 1398; baseline -0.001 -15"><span class='ocrx_word' id='word_1_108' title='bbox 242 1335 317 1383; x_wconf 88' lang='lat' dir='ltr'>Ut</span> <span class='ocrx_word' id='word_1_109' title='bbox 343 1336 457 1383; x_wconf 87' lang='lat' dir='ltr'>veni</span> <span class='ocrx_word' id='word_1_110' title='bbox 483 1350 664 1393; x_wconf 92' lang='lat' dir='ltr'>coram,</span> <span class='ocrx_word' id='word_1_111' title='bbox 693 1335 960 1396; x_wconf 87' lang='lat' dir='ltr'>singultim</span> <span class='ocrx_word' id='word_1_112' title='bbox 987 1350 1150 1398; x_wconf 89' lang='lat' dir='ltr'>pauca</span> <span class='ocrx_word' id='word_1_113' title='bbox 1173 1335 1387 1393; x_wconf 89' lang='lat' dir='ltr'>locutus,</span> 
     </span>
     <span class='ocr_line' id='line_1_17' title="bbox 243 1401 1634 1467; baseline -0.001 -17"><span class='ocrx_word' id='word_1_114' title='bbox 243 1403 448 1467; x_wconf 85' lang='lat' dir='ltr'>(Infans</span> <span class='ocrx_word' id='word_1_115' title='bbox 476 1417 689 1464; x_wconf 86' lang='lat' dir='ltr'>namque</span> <span class='ocrx_word' id='word_1_116' title='bbox 715 1402 876 1463; x_wconf 91' lang='lat' dir='ltr'>pudor</span> <span class='ocrx_word' id='word_1_117' title='bbox 902 1402 1206 1465; x_wconf 90' lang='lat' dir='ltr'>prohibebat</span> <span class='ocrx_word' id='word_1_118' title='bbox 1229 1402 1377 1464; x_wconf 90' lang='lat' dir='ltr'>plura</span> <span class='ocrx_word' id='word_1_119' title='bbox 1400 1401 1605 1464; x_wconf 84' lang='lat' dir='ltr'>profari,</span> <span class='ocrx_word' id='word_1_120' title='bbox 1613 1402 1634 1466; x_wconf 98' lang='lat'>)</span> 
     </span>
     <span class='ocr_line' id='line_1_18' title="bbox 243 1469 1591 1531; baseline -0.001 -14"><span class='ocrx_word' id='word_1_121' title='bbox 243 1469 292 1517; x_wconf 90' lang='lat' dir='ltr'>N</span> <span class='ocrx_word' id='word_1_122' title='bbox 297 1485 361 1517; x_wconf 92' lang='lat' dir='ltr'>on</span> <span class='ocrx_word' id='word_1_123' title='bbox 386 1485 480 1531; x_wconf 85' lang='lat' dir='ltr'>ego</span> <span class='ocrx_word' id='word_1_124' title='bbox 506 1484 584 1516; x_wconf 92' lang='lat' dir='ltr'>me</span> <span class='ocrx_word' id='word_1_125' title='bbox 610 1469 744 1516; x_wconf 88' lang='lat' dir='ltr'>claro</span> <span class='ocrx_word' id='word_1_126' title='bbox 772 1474 950 1516; x_wconf 87' lang='lat' dir='ltr'>natum</span> <span class='ocrx_word' id='word_1_127' title='bbox 974 1473 1132 1531; x_wconf 87' lang='lat' dir='ltr'>patre,</span> <span class='ocrx_word' id='word_1_128' title='bbox 1161 1483 1261 1515; x_wconf 94' lang='lat' dir='ltr'>non</span> <span class='ocrx_word' id='word_1_129' title='bbox 1285 1483 1380 1531; x_wconf 88' lang='lat' dir='ltr'>ego</span> <span class='ocrx_word' id='word_1_130' title='bbox 1405 1469 1591 1517; x_wconf 90' lang='lat' dir='ltr'>circum</span> 
     </span>
     <span class='ocr_line' id='line_1_19' title="bbox 242 1535 1254 1594; baseline -0.002 -10"><span class='ocrx_word' id='word_1_131' title='bbox 242 1536 328 1584; x_wconf 88' lang='lat' dir='ltr'>Me</span> <span class='ocrx_word' id='word_1_132' title='bbox 357 1536 658 1584; x_wconf 80' lang='lat' dir='ltr'>Satureiano</span> <span class='ocrx_word' id='word_1_133' title='bbox 686 1535 874 1582; x_wconf 86' lang='lat' dir='ltr'>vectari</span> <span class='ocrx_word' id='word_1_134' title='bbox 902 1550 1021 1582; x_wconf 87' lang='lat' dir='ltr'>rura</span> <span class='ocrx_word' id='word_1_135' title='bbox 1046 1535 1254 1594; x_wconf 86' lang='lat' dir='ltr'>caballo,</span> 
     </span>
     <span class='ocr_line' id='line_1_20' title="bbox 244 1602 1806 1666; baseline -0.001 -15"><span class='ocrx_word' id='word_1_136' title='bbox 244 1602 356 1660; x_wconf 88' lang='lat' dir='ltr'>Sed,</span> <span class='ocrx_word' id='word_1_137' title='bbox 379 1603 514 1666; x_wconf 91' lang='lat' dir='ltr'>quod</span> <span class='ocrx_word' id='word_1_138' title='bbox 533 1617 687 1659; x_wconf 86' lang='lat' dir='ltr'>eram,</span> <span class='ocrx_word' id='word_1_139' title='bbox 710 1617 874 1650; x_wconf 90' lang='lat' dir='ltr'>narro.</span> <span class='ocrx_word' id='word_1_140' title='bbox 952 1602 1269 1665; x_wconf 87' lang='lat' dir='ltr'>Respondes,</span> <span class='ocrx_word' id='word_1_141' title='bbox 1289 1606 1346 1650; x_wconf 91' lang='lat' dir='ltr'>ut</span> <span class='ocrx_word' id='word_1_142' title='bbox 1364 1606 1484 1650; x_wconf 89' lang='lat' dir='ltr'>tuus</span> <span class='ocrx_word' id='word_1_143' title='bbox 1500 1607 1579 1650; x_wconf 89' lang='lat' dir='ltr'>est</span> <span class='ocrx_word' id='word_1_144' title='bbox 1594 1617 1718 1659; x_wconf 90' lang='lat' dir='ltr'>mos,</span> <span class='ocrx_word' id='word_1_145' title='bbox 1745 1604 1806 1650; x_wconf 88' lang='grc'>60</span> 
     </span>
     <span class='ocr_line' id='line_1_21' title="bbox 243 1670 1733 1732; baseline -0.001 -15"><span class='ocrx_word' id='word_1_146' title='bbox 243 1670 444 1718; x_wconf 86' lang='lat' dir='ltr'>Pauca:</span> <span class='ocrx_word' id='word_1_147' title='bbox 483 1670 638 1730; x_wconf 89' lang='lat' dir='ltr'>abe0;</span> <span class='ocrx_word' id='word_1_148' title='bbox 675 1674 726 1716; x_wconf 92' lang='lat' dir='ltr'>et</span> <span class='ocrx_word' id='word_1_149' title='bbox 749 1684 960 1716; x_wconf 85' lang='lat' dir='ltr'>revocas</span> <span class='ocrx_word' id='word_1_150' title='bbox 987 1684 1119 1717; x_wconf 91' lang='lat' dir='ltr'>nono</span> <span class='ocrx_word' id='word_1_151' title='bbox 1143 1674 1262 1732; x_wconf 89' lang='lat' dir='ltr'>post</span> <span class='ocrx_word' id='word_1_152' title='bbox 1284 1684 1456 1716; x_wconf 90' lang='lat' dir='ltr'>mense</span> <span class='ocrx_word' id='word_1_153' title='bbox 1484 1671 1733 1732; x_wconf 77' lang='lat' dir='ltr'>Jubesque</span> 
     </span>
     <span class='ocr_line' id='line_1_22' title="bbox 242 1735 1731 1798; baseline -0.001 -13"><span class='ocrx_word' id='word_1_154' title='bbox 242 1737 372 1785; x_wconf 84' lang='lat' dir='ltr'>Esse</span> <span class='ocrx_word' id='word_1_155' title='bbox 397 1738 449 1784; x_wconf 94' lang='lat' dir='ltr'>in</span> <span class='ocrx_word' id='word_1_156' title='bbox 476 1736 748 1784; x_wconf 88' lang='lat' dir='ltr'>amicorum</span> <span class='ocrx_word' id='word_1_157' title='bbox 775 1751 1001 1789; x_wconf 90' lang='lat' dir='ltr'>numero.</span> <span class='ocrx_word' id='word_1_158' title='bbox 1076 1735 1325 1798; x_wconf 87' lang='lat' dir='ltr'>Magnum</span> <span class='ocrx_word' id='word_1_159' title='bbox 1351 1735 1445 1784; x_wconf 91' lang='lat' dir='ltr'>hoc</span> <span class='ocrx_word' id='word_1_160' title='bbox 1468 1752 1564 1798; x_wconf 88' lang='lat' dir='ltr'>ego</span> <span class='ocrx_word' id='word_1_161' title='bbox 1589 1737 1731 1794; x_wconf 89' lang='lat' dir='ltr'>duco,</span> 
     </span>
     <span class='ocr_line' id='line_1_23' title="bbox 243 1802 1560 1866; baseline -0.002 -14"><span class='ocrx_word' id='word_1_162' title='bbox 243 1804 391 1865; x_wconf 82' lang='lat' dir='ltr'>Quod</span> <span class='ocrx_word' id='word_1_163' title='bbox 416 1803 584 1866; x_wconf 88' lang='lat' dir='ltr'>placui</span> <span class='ocrx_word' id='word_1_164' title='bbox 609 1803 718 1860; x_wconf 90' lang='lat' dir='ltr'>tibi,</span> <span class='ocrx_word' id='word_1_165' title='bbox 747 1803 832 1866; x_wconf 93' lang='lat' dir='ltr'>qui</span> <span class='ocrx_word' id='word_1_166' title='bbox 862 1803 1000 1865; x_wconf 80' lang='lat' dir='ltr'>turpi</span> <span class='ocrx_word' id='word_1_167' title='bbox 1030 1803 1249 1850; x_wconf 87' lang='lat' dir='ltr'>secernis</span> <span class='ocrx_word' id='word_1_168' title='bbox 1276 1802 1560 1862; x_wconf 87' lang='lat' dir='ltr'>honestum,</span> 
     </span>
     <span class='ocr_line' id='line_1_24' title="bbox 242 1870 1548 1934; baseline -0.001 -15"><span class='ocrx_word' id='word_1_169' title='bbox 242 1870 360 1919; x_wconf 88' lang='lat' dir='ltr'>Non</span> <span class='ocrx_word' id='word_1_170' title='bbox 384 1875 528 1934; x_wconf 89' lang='lat' dir='ltr'>patre</span> <span class='ocrx_word' id='word_1_171' title='bbox 554 1870 826 1933; x_wconf 89' lang='lat' dir='ltr'>praeclaro,</span> <span class='ocrx_word' id='word_1_172' title='bbox 857 1871 946 1918; x_wconf 88' lang='lat' dir='ltr'>sed</span> <span class='ocrx_word' id='word_1_173' title='bbox 974 1870 1083 1917; x_wconf 87' lang='lat' dir='ltr'>vita</span> <span class='ocrx_word' id='word_1_174' title='bbox 1108 1874 1161 1918; x_wconf 89' lang='lat' dir='ltr'>et</span> <span class='ocrx_word' id='word_1_175' title='bbox 1185 1874 1384 1933; x_wconf 84' lang='lat' dir='ltr'>pectore</span> <span class='ocrx_word' id='word_1_176' title='bbox 1408 1885 1548 1933; x_wconf 93' lang='lat' dir='ltr'>puro.</span> 
     </span>
    </p>
   </div>
   <div class='ocr_carea' id='block_1_4' title="bbox 241 2004 1806 2672">
    <p class='ocr_par' dir='ltr' id='par_1_4' title="bbox 241 2004 1806 2672">
     <span class='ocr_line' id='line_1_25' title="bbox 309 2004 1803 2073; baseline -0.004 -16"><span class='ocrx_word' id='word_1_177' title='bbox 309 2010 471 2073; x_wconf 81' lang='lat' dir='ltr'>Atqui</span> <span class='ocrx_word' id='word_1_178' title='bbox 497 2009 540 2057; x_wconf 86' lang='lat' dir='ltr'>si</span> <span class='ocrx_word' id='word_1_179' title='bbox 566 2009 709 2057; x_wconf 85' lang='lat' dir='ltr'>vitiis</span> <span class='ocrx_word' id='word_1_180' title='bbox 734 2009 1076 2057; x_wconf 88' lang='lat' dir='ltr'>mediocribus</span> <span class='ocrx_word' id='word_1_181' title='bbox 1103 2024 1160 2057; x_wconf 88' lang='lat' dir='ltr'>ac</span> <span class='ocrx_word' id='word_1_182' title='bbox 1184 2024 1299 2056; x_wconf 90' lang='lat' dir='ltr'>mea</span> <span class='ocrx_word' id='word_1_183' title='bbox 1320 2008 1497 2072; x_wconf 86' lang='lat' dir='ltr'>paucis</span> <span class='ocrx_word' id='word_1_184' title='bbox 1744 2004 1803 2052; x_wconf 87' lang='grc'>65</span> 
     </span>
     <span class='ocr_line' id='line_1_26' title="bbox 241 2076 1492 2138; baseline -0.002 -13"><span class='ocrx_word' id='word_1_185' title='bbox 241 2077 492 2125; x_wconf 87' lang='lat' dir='ltr'>Mendosa</span> <span class='ocrx_word' id='word_1_186' title='bbox 515 2082 595 2124; x_wconf 89' lang='lat' dir='ltr'>est</span> <span class='ocrx_word' id='word_1_187' title='bbox 619 2081 814 2134; x_wconf 91' lang='lat' dir='ltr'>natura,</span> <span class='ocrx_word' id='word_1_188' title='bbox 847 2076 1033 2138; x_wconf 90' lang='lat' dir='ltr'>alioqui</span> <span class='ocrx_word' id='word_1_189' title='bbox 1058 2076 1424 2133; x_wconf 85' lang='lat' dir='ltr'>recta,——velut</span> <span class='ocrx_word' id='word_1_190' title='bbox 1447 2076 1492 2123; x_wconf 89' lang='lat' dir='ltr'>si</span> 
     </span>
     <span class='ocr_line' id='line_1_27' title="bbox 243 2142 1650 2206; baseline -0.001 -15"><span class='ocrx_word' id='word_1_191' title='bbox 243 2144 465 2206; x_wconf 86' lang='lat' dir='ltr'>Egregio</span> <span class='ocrx_word' id='word_1_192' title='bbox 490 2144 746 2205; x_wconf 86' lang='lat' dir='ltr'>inspersos</span> <span class='ocrx_word' id='word_1_193' title='bbox 771 2142 1117 2204; x_wconf 90' lang='lat' dir='ltr'>reprehendas</span> <span class='ocrx_word' id='word_1_194' title='bbox 1143 2157 1349 2204; x_wconf 91' lang='lat' dir='ltr'>corpore</span> <span class='ocrx_word' id='word_1_195' title='bbox 1374 2157 1650 2199; x_wconf 87' lang='lat' dir='ltr'>naevos,—</span> 
     </span>
     <span class='ocr_line' id='line_1_28' title="bbox 246 2209 1647 2272; baseline -0.001 -15"><span class='ocrx_word' id='word_1_196' title='bbox 246 2210 303 2258; x_wconf 83' lang='lat' dir='ltr'>Si</span> <span class='ocrx_word' id='word_1_197' title='bbox 330 2225 490 2272; x_wconf 89' lang='lat' dir='ltr'>neque</span> <span class='ocrx_word' id='word_1_198' title='bbox 518 2210 787 2257; x_wconf 87' lang='lat' dir='ltr'>avaritiam</span> <span class='ocrx_word' id='word_1_199' title='bbox 820 2225 983 2271; x_wconf 89' lang='lat' dir='ltr'>neque</span> <span class='ocrx_word' id='word_1_200' title='bbox 1012 2209 1185 2257; x_wconf 89' lang='lat' dir='ltr'>sordes</span> <span class='ocrx_word' id='word_1_201' title='bbox 1210 2224 1302 2256; x_wconf 91' lang='lat' dir='ltr'>nec</span> <span class='ocrx_word' id='word_1_202' title='bbox 1327 2209 1462 2256; x_wconf 90' lang='lat' dir='ltr'>mala</span> <span class='ocrx_word' id='word_1_203' title='bbox 1486 2209 1647 2256; x_wconf 88' lang='lat' dir='ltr'>lustra</span> 
     </span>
     <span class='ocr_line' id='line_1_29' title="bbox 245 2276 1527 2339; baseline -0.002 -15"><span class='ocrx_word' id='word_1_204' title='bbox 245 2276 463 2338; x_wconf 86' lang='lat' dir='ltr'>Objiciet</span> <span class='ocrx_word' id='word_1_205' title='bbox 489 2291 603 2323; x_wconf 85' lang='lat' dir='ltr'>vere</span> <span class='ocrx_word' id='word_1_206' title='bbox 630 2276 899 2339; x_wconf 88' lang='lat' dir='ltr'>quisquam</span> <span class='ocrx_word' id='word_1_207' title='bbox 928 2276 1067 2334; x_wconf 88' lang='lat' dir='ltr'>mihi,</span> <span class='ocrx_word' id='word_1_208' title='bbox 1095 2290 1251 2337; x_wconf 90' lang='lat' dir='ltr'>purus</span> <span class='ocrx_word' id='word_1_209' title='bbox 1276 2280 1327 2323; x_wconf 91' lang='lat' dir='ltr'>et</span> <span class='ocrx_word' id='word_1_210' title='bbox 1351 2276 1527 2323; x_wconf 89' lang='lat' dir='ltr'>insons</span> 
     </span>
     <span class='ocr_line' id='line_1_30' title="bbox 245 2335 1806 2407; baseline -0.004 -16"><span class='ocrx_word' id='word_1_211' title='bbox 245 2344 346 2407; x_wconf 83' lang='lat' dir='ltr'>(Ut</span> <span class='ocrx_word' id='word_1_212' title='bbox 369 2359 448 2391; x_wconf 92' lang='lat' dir='ltr'>me</span> <span class='ocrx_word' id='word_1_213' title='bbox 475 2343 782 2399; x_wconf 87' lang='lat' dir='ltr'>collaudem)</span> <span class='ocrx_word' id='word_1_214' title='bbox 813 2343 854 2390; x_wconf 88' lang='lat' dir='ltr'>si</span> <span class='ocrx_word' id='word_1_215' title='bbox 883 2348 934 2390; x_wconf 81' lang='lat' dir='ltr'>et</span> <span class='ocrx_word' id='word_1_216' title='bbox 961 2343 1081 2389; x_wconf 89' lang='lat' dir='ltr'>vivo</span> <span class='ocrx_word' id='word_1_217' title='bbox 1106 2357 1252 2390; x_wconf 87' lang='lat' dir='ltr'>carus</span> <span class='ocrx_word' id='word_1_218' title='bbox 1277 2342 1465 2400; x_wconf 87' lang='lat' dir='ltr'>amicis,</span> <span class='ocrx_word' id='word_1_219' title='bbox 1746 2335 1806 2385; x_wconf 74' lang='lat'>&#39;10</span> 
     </span>
     <span class='ocr_line' id='line_1_31' title="bbox 245 2409 1574 2473; baseline -0.002 -14"><span class='ocrx_word' id='word_1_220' title='bbox 245 2411 415 2459; x_wconf 85' lang='lat' dir='ltr'>Causa</span> <span class='ocrx_word' id='word_1_221' title='bbox 440 2411 536 2457; x_wconf 89' lang='lat' dir='ltr'>fuit</span> <span class='ocrx_word' id='word_1_222' title='bbox 561 2414 706 2471; x_wconf 88' lang='lat' dir='ltr'>pater</span> <span class='ocrx_word' id='word_1_223' title='bbox 732 2410 829 2467; x_wconf 91' lang='lat' dir='ltr'>his,</span> <span class='ocrx_word' id='word_1_224' title='bbox 859 2409 958 2472; x_wconf 90' lang='lat' dir='ltr'>qui,</span> <span class='ocrx_word' id='word_1_225' title='bbox 987 2424 1155 2456; x_wconf 90' lang='lat' dir='ltr'>macro</span> <span class='ocrx_word' id='word_1_226' title='bbox 1180 2423 1370 2473; x_wconf 90' lang='lat' dir='ltr'>pauper</span> <span class='ocrx_word' id='word_1_227' title='bbox 1394 2409 1574 2472; x_wconf 86' lang='lat' dir='ltr'>agello,</span> 
     </span>
     <span class='ocr_line' id='line_1_32' title="bbox 243 2476 1426 2538; baseline -0.003 -13"><span class='ocrx_word' id='word_1_228' title='bbox 243 2478 423 2525; x_wconf 87' lang='lat' dir='ltr'>Noluit</span> <span class='ocrx_word' id='word_1_229' title='bbox 447 2477 498 2524; x_wconf 93' lang='lat' dir='ltr'>in</span> <span class='ocrx_word' id='word_1_230' title='bbox 526 2477 674 2523; x_wconf 89' lang='lat' dir='ltr'>Flavi</span> <span class='ocrx_word' id='word_1_231' title='bbox 703 2477 881 2524; x_wconf 90' lang='lat' dir='ltr'>ludum</span> <span class='ocrx_word' id='word_1_232' title='bbox 907 2492 985 2524; x_wconf 92' lang='lat' dir='ltr'>me</span> <span class='ocrx_word' id='word_1_233' title='bbox 1012 2477 1224 2534; x_wconf 86' lang='lat' dir='ltr'>mittere,</span> <span class='ocrx_word' id='word_1_234' title='bbox 1252 2476 1426 2538; x_wconf 89' lang='lat' dir='ltr'>magni</span> 
     </span>
     <span class='ocr_line' id='line_1_33' title="bbox 245 2542 1348 2606; baseline -0.001 -16"><span class='ocrx_word' id='word_1_235' title='bbox 245 2545 357 2605; x_wconf 78' lang='lat' dir='ltr'>Quo</span> <span class='ocrx_word' id='word_1_236' title='bbox 382 2544 524 2606; x_wconf 91' lang='lat' dir='ltr'>pueri</span> <span class='ocrx_word' id='word_1_237' title='bbox 550 2544 753 2604; x_wconf 85' lang='lat' dir='ltr'>magnis</span> <span class='ocrx_word' id='word_1_238' title='bbox 779 2559 804 2590; x_wconf 94' lang='lat' dir='ltr'>e</span> <span class='ocrx_word' id='word_1_239' title='bbox 832 2543 1211 2590; x_wconf 85' lang='lat' dir='ltr'>centurionibus</span> <span class='ocrx_word' id='word_1_240' title='bbox 1237 2542 1348 2600; x_wconf 87' lang='lat' dir='ltr'>orti,</span> 
     </span>
     <span class='ocr_line' id='line_1_34' title="bbox 244 2609 1476 2672; baseline -0.002 -14"><span class='ocrx_word' id='word_1_241' title='bbox 244 2611 419 2658; x_wconf 85' lang='lat' dir='ltr'>Laevo</span> <span class='ocrx_word' id='word_1_242' title='bbox 445 2610 679 2672; x_wconf 89' lang='lat' dir='ltr'>suspensi</span> <span class='ocrx_word' id='word_1_243' title='bbox 706 2610 896 2657; x_wconf 86' lang='lat' dir='ltr'>loculos</span> <span class='ocrx_word' id='word_1_244' title='bbox 923 2610 1247 2672; x_wconf 88' lang='lat' dir='ltr'>tabulamque</span> <span class='ocrx_word' id='word_1_245' title='bbox 1274 2609 1476 2668; x_wconf 91' lang='lat' dir='ltr'>lacerto,</span> 
     </span>
    </p>
   </div>
   <div class='ocr_carea' id='block_1_5' title="bbox 309 2737 1730 2838">
    <p class='ocr_par' dir='ltr' id='par_1_5' title="bbox 309 2737 1730 2838">
     <span class='ocr_line' id='line_1_35' title="bbox 309 2737 1730 2788; baseline -0.001 -13"><span class='ocrx_word' id='word_1_246' title='bbox 309 2739 357 2777; x_wconf 79' lang='lat'>47</span> <span class='ocrx_word' id='word_1_247' title='bbox 379 2750 466 2775; x_wconf 84' lang='lat' dir='ltr'>sum</span> <span class='ocrx_word' id='word_1_248' title='bbox 543 2739 590 2774; x_wconf 82' lang='lat'>49</span> <span class='ocrx_word' id='word_1_249' title='bbox 610 2739 745 2774; x_wconf 87' lang='lat' dir='ltr'>forsan</span> <span class='ocrx_word' id='word_1_250' title='bbox 825 2740 871 2774; x_wconf 85' lang='lat'>53</span> <span class='ocrx_word' id='word_1_251' title='bbox 890 2750 1053 2788; x_wconf 86' lang='lat' dir='ltr'>possum</span> <span class='ocrx_word' id='word_1_252' title='bbox 1132 2739 1179 2774; x_wconf 87' lang='grc'>66</span> <span class='ocrx_word' id='word_1_253' title='bbox 1200 2738 1381 2788; x_wconf 87' lang='lat' dir='ltr'>alioquin</span> <span class='ocrx_word' id='word_1_254' title='bbox 1459 2737 1505 2775; x_wconf 79' lang='lat'>67</span> <span class='ocrx_word' id='word_1_255' title='bbox 1526 2737 1730 2787; x_wconf 79' lang='lat' dir='ltr'>insparsos</span> 
     </span>
     <span class='ocr_line' id='line_1_36' title="bbox 882 2789 1166 2838; baseline -0.004 -13"><span class='ocrx_word' id='word_1_256' title='bbox 882 2790 928 2826; x_wconf 83' lang='lat'>67</span> <span class='ocrx_word' id='word_1_257' title='bbox 949 2789 1166 2838; x_wconf 81' lang='lat' dir='ltr'>reprendas</span> 
     </span>
    </p>
   </div>
   <div class='ocr_carea' id='block_1_6' title="bbox 246 2837 1800 2937">
    <p class='ocr_par' dir='ltr' id='par_1_6' title="bbox 246 2837 1800 2937">
     <span class='ocr_line' id='line_1_37' title="bbox 246 2837 1800 2886; baseline -0.002 -10"><span class='ocrx_word' id='word_1_258' title='bbox 246 2840 291 2876; x_wconf 87' lang='lat'>68</span> <span class='ocrx_word' id='word_1_259' title='bbox 320 2851 365 2876; x_wconf 86' lang='lat' dir='ltr'>ao</span> <span class='ocrx_word' id='word_1_260' title='bbox 392 2840 511 2883; x_wconf 80' lang='lat' dir='ltr'>mala,</span> <span class='ocrx_word' id='word_1_261' title='bbox 532 2841 603 2874; x_wconf 85' lang='lat' dir='ltr'>aut</span> <span class='ocrx_word' id='word_1_262' title='bbox 629 2839 736 2874; x_wconf 85' lang='lat' dir='ltr'>mala</span> <span class='ocrx_word' id='word_1_263' title='bbox 764 2837 795 2885; x_wconf 83' lang='lat'>(‘</span> <span class='ocrx_word' id='word_1_264' title='bbox 804 2839 896 2875; x_wconf 86' lang='lat' dir='ltr'>aut’</span> <span class='ocrx_word' id='word_1_265' title='bbox 916 2838 1072 2875; x_wconf 79' lang='lat' dir='ltr'>debetur</span> <span class='ocrx_word' id='word_1_266' title='bbox 1082 2838 1235 2875; x_wconf 80' lang='lat' dir='ltr'>Acroni</span> <span class='ocrx_word' id='word_1_267' title='bbox 1251 2839 1512 2886; x_wconf 70' lang='lat' dir='ltr'>manuscripto</span> <span class='ocrx_word' id='word_1_268' title='bbox 1532 2851 1597 2886; x_wconf 84' lang='lat' dir='ltr'>ap.</span> <span class='ocrx_word' id='word_1_269' title='bbox 1617 2837 1745 2874; x_wconf 65' lang='lat' dir='ltr'>Beate.</span> <span class='ocrx_word' id='word_1_270' title='bbox 1764 2842 1800 2873; x_wconf 75' lang='lat' dir='ltr'>ee</span> 
     </span>
     <span class='ocr_line' id='line_1_38' title="bbox 295 2888 1549 2937; baseline -0.001 -12"><span class='ocrx_word' id='word_1_271' title='bbox 295 2889 461 2925; x_wconf 76' lang='lat' dir='ltr'>editioni</span> <span class='ocrx_word' id='word_1_272' title='bbox 489 2889 614 2925; x_wconf 75' lang='lat' dir='ltr'>Venet.</span> <span class='ocrx_word' id='word_1_273' title='bbox 635 2888 746 2924; x_wconf 83' lang='lat'>1490.</span> <span class='ocrx_word' id='word_1_274' title='bbox 757 2888 884 2937; x_wconf 85' lang='lat' dir='ltr'><strong>—O.)</strong></span> <span class='ocrx_word' id='word_1_275' title='bbox 1443 2888 1489 2926; x_wconf 80' lang='lat'>⁷3</span> <span class='ocrx_word' id='word_1_276' title='bbox 1509 2891 1549 2924; x_wconf 78' lang='lat' dir='ltr'>et</span> 
     </span>
    </p>
   </div>
  </div>
 </body>
</html>
