1878 3054
739 140 864 180 ΜΒ.
904 139 973 179 11.
1016 125 1098 190 17,
1129 124 1197 177 18
1677 122 1750 174 59

448 276 559 326 Nec
593 288 743 324 carus
781 288 955 336 aeque,
996 285 1089 320 nec
1126 274 1390 333 superstes

516 340 763 404 Integer?
835 341 930 389 Ille
969 339 1078 388 dies
1116 342 1382 401 utramque

385 411 554 462 Ducet
587 410 802 459 ruinam.
877 407 996 456 Non
1031 421 1129 470 ego
1164 405 1416 468 perfidum
1773 446 1776 450 .

382 479 504 528 Dixi
539 481 948 527 sacramentum:
989 475 1192 532 ibimus
1231 473 1437 533 ibimus,
1687 473 1748 521 10

451 547 740 608 Utcumque
773 543 1065 608 praecedes
1105 555 1402 604 supremum

520 613 739 676 Carpere
775 611 873 660 iter
909 610 1121 659 comites
1155 609 1335 673 parati.

382 680 471 730 Me
506 695 599 729 nec
637 680 939 729 Chimaerae
981 678 1192 741 spiritus
1228 677 1426 739 igneae,

383 748 507 806 Nec,
545 749 589 796 si
622 752 873 810 resurgat,
912 746 1235 795 centimanus
1273 744 1419 808 Gyas

364 822 370 827 '
451 816 679 864 Divellet
714 830 989 878 umquam:
1027 814 1101 862 sic
1135 812 1334 876 potenti
1688 809 1748 856 15

518 883 555 932 J
558 883 768 932 ustitiae
804 883 1155 946 placitumque
1193 880 1384 928 Parcis,

389 949 493 1000 Seu
530 950 687 999 Libra
723 966 813 999 seu
851 966 930 998 me
971 949 1212 1012 Scorpios
1249 946 1433 1011 aspicit

389 1018 790 1077 Formidolosus,
830 1033 951 1081 pars
989 1016 1263 1065 violentior

454 1085 661 1134 Natalis
698 1086 867 1144 horae,
909 1100 1000 1133 seu
1035 1089 1302 1147 tyrannus¹

523 1153 806 1216 Hesperiae
847 1152 1189 1216 Capricornus
1226 1150 1409 1209 undae,
1686 1145 1748 1192 20

386 1219 676 1284 Utrumque
714 1226 948 1269 nostrum
985 1218 1273 1268 incredibili
1308 1217 1466 1266 modo

390 1287 664 1339 Consentit
700 1293 910 1337 astrum.
986 1288 1058 1336 Te
1094 1287 1131 1335 J
1135 1287 1247 1335 ovis
1283 1285 1445 1350 impio

458 1355 644 1404 Tutela
681 1355 906 1405 Saturno
944 1355 1206 1418 refulgens

523 1423 730 1488 Eripuit
767 1424 1089 1486 volucrisque
1127 1421 1247 1470 Fati

391 1489 644 1539 Tardavit
670 1491 792 1550 alas,
821 1507 936 1540 cum
960 1490 1180 1555 populus
1204 1490 1444 1551 frequens
1689 1481 1750 1530 25

392 1557 611 1607 Laetum
635 1559 852 1607 theatris
876 1564 955 1608 ter
979 1557 1174 1622 crepuit
1196 1571 1409 1605 sonum:

462 1625 551 1674 Me
586 1630 797 1674 truncus
833 1627 1049 1689 illapsus
1084 1625 1289 1673 cerebro

530 1691 836 1754 Sustulerat,
874 1694 973 1741 nisi
1012 1694 1223 1741 Faunus
1259 1691 1417 1739 ictum

393 1759 588 1808 Dextra
621 1761 861 1820 levasset,
900 1760 1281 1808 Mercurialium

395 1826 587 1878 Custos
613 1828 852 1876 virorum.
925 1828 1161 1876 Reddere
1188 1826 1426 1874 victimas
1688 1819 1752 1867 30

461 1894 757 1957 Aedemque
795 1895 1024 1943 votivam
1061 1898 1342 1945 memento:

527 1960 640 2010 Nos
675 1961 920 2011 humilem
956 1962 1196 2011 feriemus
1233 1973 1434 2023 agnam.

874 2127 1087 2177 XVIII.

394 2230 514 2280 Non
548 2231 675 2280 ebur
710 2246 873 2294 neque
912 2246 1122 2282 aureum

468 2298 589 2347 Mea
623 2300 822 2347 renidet
858 2300 910 2346 in
946 2299 1099 2347 domo
1132 2298 1358 2356 lacunar,

395 2365 515 2414 Non
551 2367 721 2415 trabes
758 2365 1058 2430 Hymettiae

469 2433 715 2482 Premunt
749 2434 1012 2482 columnas
1048 2432 1227 2481 ultima
1260 2432 1449 2480 recisas

396 2501 605 2562 Africa3
642 2517 805 2564 neque
844 2500 1010 2549 Attali
1715 2497 1744 2544 5

467 2568 685 2631 Ignotus
722 2569 867 2616 heres
903 2568 1095 2630 regiam
1132 2565 1391 2630 occupavi,

399 2633 509 2684 Nec
546 2635 827 2684 Laconicas
863 2635 988 2683 mihi

467 2702 701 2751 Trahunt
738 2703 982 2751 honestae
1019 2716 1272 2765 purpuras
1308 2700 1554 2748 clientas:

403 2820 425 2855 8
445 2820 517 2856 illa
619 2821 667 2857 14
686 2820 802 2867 gigas
821 2824 855 2858 Ω.
876 2820 1011 2866 Gyges
1031 2833 1050 2854 e
1069 2820 1290 2855 coniectura
1394 2817 1440 2854 17
1462 2816 1652 2866 Scorpius

404 2871 451 2908 19
471 2872 641 2915 loetalin,
660 2871 799 2907 fatalis
903 2872 950 2907 25
970 2870 1035 2908 cui
1054 2883 1073 2906 e
1093 2870 1314 2906 coniectura
1443 2869 1464 2903 8
1483 2868 1650 2905 clientes
