1878 3054
255 1163 266 1176 Ι

182 1179 283 1240 «Α

605 619 666 682 Q.
704 619 993 669 HORATI
1038 619 1311 671 FLAOOI

427 771 1573 850 CARMINVMv

705 949 906 990 LIBER
932 949 1207 991 TERTIVS

931 1201 974 1252 Ι.

316 1283 330 1286 α
367 1304 470 1356 Odi
502 1305 769 1371 profanum
813 1304 999 1368 volgus
1036 1310 1089 1355 et
1125 1320 1301 1357 arceo:

366 1373 563 1423 Favete
598 1373 823 1436 linguis3
862 1373 1092 1421 carmina
1126 1389 1229 1423 non
1264 1375 1410 1439 prius

433 1441 633 1490 Audita
667 1440 941 1488 Musarum
982 1442 1221 1490 sacerdos

501 1508 810 1572 Virginibus
849 1509 1121 1572 puerisque
1161 1514 1326 1559 canto,
1371 1468 1547 1547 Upi—-

366 1575 573 1640 Regum
597 1576 946 1624 timendorum
974 1576 1026 1623 in
1052 1578 1284 1640 proprios
1308 1592 1508 1641 gregeS,

363 1644 541 1707 Reges
564 1644 617 1691 in
641 1644 781 1706 ipsos
810 1643 1083 1706 imperium
1109 1650 1190 1693 est
1212 1644 1248 1693 J
1252 1645 1377 1705 oviS,

434 1711 572 1760 Clari
609 1710 869 1774 Giganteo
906 1711 1182 1774 triumphe,

500 1778 699 1827 Cuncta
735 1778 1007 1841 supercilio
1044 1778 1311 1827 moventis.

365 1845 464 1894 Est
497 1851 556 1893 ut
590 1845 699 1893 viro
737 1846 815 1892 vir
851 1845 1009 1893 latius
1045 1847 1243 1895 ordinet

364 1914 599 1962 Arbusta
634 1912 805 1970 sulcis,
851 1912 934 1960 hic
971 1914 1266 1975 generosior

433 1981 728 2029 Descendat
765 1980 817 2027 in
857 1995 1092 2043 campum
1127 1981 1332 2044 petitor,

499 2047 734 2096 Moribus
775 2047 856 2095 hic
895 2048 1170 2111 meliorque
1207 2049 1347 2096 fama

365 2115 670 2174 contendat,
710 2115 782 2163 illi
823 2115 975 2164 turba
1010 2116 1271 2164 clientium

366 2182 447 2233 Sit
481 2184 668 2245 major:
708 2199 870 2247 aequa
907 2183 1019 2246 lege
1055 2182 1354 2232 Necessitas

430 2250 655 2300 Sortitur
692 2252 923 2315 insignes
961 2256 1013 2299 et
1047 2251 1209 2313 imos;

497 2317 661 2367 Omne
688 2334 849 2382 capax
876 2323 1052 2367 movet
1076 2333 1205 2366 urna
1229 2333 1428 2369 nomen.

361 2384 653 2435 Destrictus
689 2386 827 2435 ensis
866 2387 947 2435 cui
985 2401 1137 2450 super
1173 2386 1332 2450 impia

362 2453 574 2503 Cervice
610 2455 813 2518 pendet,
854 2469 954 2502 non
996 2454 1194 2502 Siculae
1232 2454 1388 2518 dapes

431 2521 645 2570 Dulcem
683 2521 1020 2570 elaborabunt
1056 2536 1303 2585 saporem,

497 2588 616 2637 Non
653 2589 825 2636 avium
863 2588 1189 2651 citharaeque
1226 2593 1407 2637 cantus

363 2653 611 2704 Somnum
636 2656 906 2704 reducent:
944 2671 1156 2704 somnus
1181 2656 1465 2718 agrestium

362 2721 522 2771 Lenis
559 2722 781 2771 virorum
816 2738 918 2770 non
956 2722 1173 2770 humiles
1208 2724 1388 2771 domos

430 2788 660 2837 Fastidit
697 2790 1089 2851 umbrosamque
1124 2790 1302 2852 ripam,

497 2855 615 2904 Non
652 2855 901 2919 Zephyris
938 2857 1138 2918 agitata
1175 2856 1378 2918 Tempe.

1451 2923 1503 2960 63

1662 1924 1722 1971 10

1666 2258 1726 2307 15

1667 2597 1728 2644 20
