1878 3054
25 101 36 123 ³
699 230 704 234 .
781 162 904 202 mn.
946 162 1014 202 11.
1057 149 1089 201 6
1608 147 1712 201 183

139 300 292 357 Scire,
318 298 442 347 deos
466 297 709 360 quoniam
733 294 943 358 propius
969 294 1239 356 contingis,
1263 295 1506 357 oportet,)

136 365 401 429 Numquid
419 365 482 413 de
502 364 659 412 Dacis
680 361 899 410 audisti?
920 363 947 388 ''
1010 366 1036 385 ‘⁴
1056 361 1146 408 Nil
1166 361 1452 423 equidem.’'
1515 364 1543 385 “
1561 360 1637 408 Ut
1655 364 1715 408 tu

140 434 349 497 Semper
371 431 471 480 eris
495 429 718 479 derisor!
741 431 769 456 '²
842 433 869 454 ‘¹
887 428 964 477 At
989 443 1167 476 omnes
1193 428 1245 476 di
1271 428 1535 490 exagitent
1558 443 1655 485 me,

139 501 195 550 Si
214 500 534 564 quicquam.”
595 502 622 523 ‘¹
643 496 793 558 Quid,
815 496 1063 543 militibus
1083 495 1337 559 promissa
1357 495 1630 556 Triquetra
1652 495 1712 542 55

139 567 358 617 Praedia
385 566 589 624 Caesar,
618 579 685 612 an
708 569 788 612 est
814 564 951 611 Itala
975 563 1155 611 tellure
1183 559 1434 610 daturus?
1459 563 1486 588 ”

137 635 406 685 Jurantem
433 648 514 681 me
540 633 668 680 scire
694 631 822 678 nihil
847 632 1111 689 mirantur,
1138 635 1195 677 ut
1220 645 1380 677 unum

139 701 342 752 Scilicet
365 700 563 765 egregii
585 699 854 748 mortalem
880 698 1071 762 altique
1099 698 1282 746 silenti.

208 835 447 886 Perditur
470 834 596 883 haec
620 834 755 882 inter
777 834 964 882 misero
990 834 1080 881 lux
1104 847 1207 880 non
1233 833 1344 881 sine
1369 831 1534 880 votis:

143 903 188 954 Ο
213 919 314 963 rus,
341 903 544 966 quando
569 917 666 965 ego
690 906 741 950 te
773 899 1057 964 aspiciam?
1094 901 1400 964 quandoque
1426 899 1599 948 licebit
1659 900 1719 946 60

142 971 293 1021 Nunc
318 976 550 1019 veterum
574 970 732 1027 libris,
761 984 895 1017 nunc
922 984 1102 1017 somno
1128 974 1180 1016 et
1204 968 1456 1016 inertibus
1482 967 1622 1015 horis

142 1039 338 1088 Ducere
364 1038 614 1086 sollicitae
633 1037 863 1099 jucunda
889 1036 1082 1084 oblivia
1106 1035 1283 1084 vitae?

144 1105 189 1156 Ο
213 1106 419 1170 quando
443 1105 563 1153 faba
589 1104 921 1167 Pythagorae
947 1108 1168 1167 cognata
1192 1103 1443 1167 simulque

144 1173 315 1222 Uncta
339 1173 469 1221 satis
493 1172 674 1236 pingui
698 1177 955 1234 ponentur
980 1171 1209 1219 oluscula
1233 1170 1416 1219 lardo?

145 1240 191 1290 Ο
215 1248 391 1290 noctes
415 1255 667 1303 cenaeque
694 1239 875 1288 (16111111
914 1240 1100 1303 quibus
1127 1239 1234 1302 ipse
1259 1239 1462 1300 meique
1661 1237 1722 1284 65

146 1309 286 1358 Ante
311 1309 498 1357 Larem
521 1307 786 1371 proprium
812 1322 992 1355 vescor
1017 1322 1302 1370 vernasque
1329 1319 1570 1369 procaces

147 1376 311 1425 Pasco
334 1376 509 1424 libatis
533 1375 762 1438 dapibus,
838 1375 1002 1423 Prout
1025 1375 1206 1436 cuique
1234 1374 1389 1421 libido
1414 1378 1509 1432 est,

149 1443 317 1493 Siccat
341 1443 637 1506 inaequales
664 1443 848 1490 calices
873 1443 1108 1500 conviva,
1137 1442 1336 1489 solutus

149 1511 375 1576 Legibus
399 1511 609 1569 insanis,
638 1525 730 1558 seu
756 1511 871 1573 quis
896 1511 1032 1573 capit
1058 1509 1196 1557 acria
1222 1509 1370 1557 fortis

150 1578 355 1638 Pocula,
383 1593 475 1626 seu
498 1578 715 1626 modicis
741 1579 941 1626 uvescit
966 1578 1165 1625 laetius,
1240 1577 1380 1639 Ergo
1662 1571 1726 1623 ’10

151 1645 329 1696 Sermo
355 1646 528 1702 oritur,
552 1660 653 1692 non
680 1646 742 1693 de
769 1645 907 1693 villis
933 1645 1234 1693 domibusve
1262 1643 1460 1701 alienis,

148 1712 257 1762 Nec
283 1714 412 1762 male
437 1728 594 1761 necne
623 1713 795 1775 Lepos
823 1713 1004 1773 saltet;
1042 1713 1131 1760 sed
1157 1712 1293 1774 quod
1319 1711 1487 1771 magis
1513 1709 1576 1757 ad
1603 1724 1699 1758 nos
1775 1721 1777 1723 ’

153 1780 380 1829 Pertinet
404 1785 456 1827 et
480 1780 674 1828 nescire
702 1780 894 1827 malum
920 1785 1001 1828 est
1027 1780 1313 1842 agitamus:
1351 1784 1588 1825 utrumne

153 1847 365 1897 Divitiis
391 1847 623 1896 homines
651 1862 715 1894 an
743 1848 848 1895 sint
874 1847 1064 1894 virtute
1090 1847 1226 1894 beati
1248 1863 1260 1907 3

154 1915 349 1977 Quidve
376 1915 439 1963 ad
468 1914 737 1970 amicitias,
766 1929 891 1962 usus
916 1920 1192 1972 rectumne,
1220 1913 1395 1961 trahat
1419 1927 1544 1974 nos;
1669 1910 1730 1962 75

99 1981 224 2092 ,αξ-1111
246 1997 375 2047 quae
402 1983 470 2030 sit
493 1988 679 2030 natura
703 1981 838 2041 boni,
866 1996 1223 2045 summumque
1251 1981 1374 2045 quid
1398 1982 1520 2042 ejus.

226 2116 443 2166 Cervius
469 2117 594 2165 haec
619 2117 753 2165 inter
777 2117 975 2165 vicinus
1002 2116 1162 2179 garrit
1188 2115 1347 2164 aniles

155 2182 236 2232 Ex
259 2199 311 2232 re
337 2185 565 2234 fabellas
639 2184 693 2233 Si
719 2185 834 2248 quis
860 2200 978 2232 nam
1006 2184 1184 2232 laudat
1209 2183 1375 2231 Arelli

159 2249 417 2300 Sollicitas
443 2252 653 2314 ignarus
679 2267 816 2316 opeS,
844 2253 918 2300 sic
942 2252 1151 2315 incipit:
1193 2256 1218 2276 “
1240 2250 1375 2299 Olim

156 2316 401 2367 Rusticus
426 2319 676 2367 urbanum
703 2335 900 2368 murem
925 2335 1038 2367 mus
1062 2334 1283 2383 paupere
1309 2319 1471 2366 fertur
1673 2316 1734 2362 80

158 2384 431 2450 Accepisse
459 2402 600 2445 cavo,
629 2393 852 2435 veterem
879 2393 1031 2435 vetus
1059 2387 1245 2449 hospes
1273 2386 1507 2443 amicum,

159 2453 327 2515 Asper
351 2459 403 2501 et
429 2459 655 2502 attentus
681 2454 942 2517 quaesitis,
972 2459 1030 2502 ut
1053 2459 1225 2502 tamen
1253 2459 1420 2500 artum

161 2516 393 2568 Solveret
419 2520 654 2584 hospitiis
682 2522 923 2569 animum.
999 2521 1134 2582 Quid
1162 2519 1360 2568 multa?
1399 2533 1562 2580 neque
1589 2516 1669 2565 ille

161 2584 382 2650 Sepositi
407 2587 582 2636 ciceris
608 2603 699 2636 nec
724 2589 907 2650 longae
935 2588 1125 2636 invidit
1152 2603 1358 2644 avenae,

161 2651 378 2701 Aridum
402 2660 453 2702 et
478 2669 562 2703 ore
590 2656 753 2702 ferens
779 2656 980 2703 acinum
1007 2670 1303 2716 semesaque
1331 2652 1460 2701 lardi
1680 2648 1742 2697 85

162 2716 351 2769 Frusta
375 2721 529 2781 dedit,
557 2723 768 2785 cupiens
793 2722 938 2770 varia
964 2722 1172 2770 fastidia
1198 2735 1322 2769 cena

245 2851 292 2887 57
311 2850 481 2888 miratur
533 2852 580 2889 62
601 2852 773 2890 iocunda
827 2851 872 2890 70
892 2852 1090 2890 humescit
1145 2852 1190 2890 78
1213 2862 1304 2889 uam
1327 2851 1360 2887 si
1380 2850 1471 2901 quis
1525 2850 1571 2886 83
1593 2849 1661 2886 illi‘
