1878 3054
214 154 318 206 156
664 169 905 208 HoaAm
950 169 1322 212 sA'rIRARVM

214 299 311 346 Est
334 299 584 348 brevitate
611 316 751 364 opuS,
778 307 836 350 ut
860 307 1030 350 currat
1054 304 1310 352 sententia
1334 319 1431 352 neu
1457 321 1512 354 se

214 367 471 427 Impediat
496 369 664 415 verbis
690 369 854 416 lassas
880 371 1209 417 onerantibus
1234 386 1381 418 aures
1403 389 1415 433 ;
1709 367 1768 414 10

216 434 284 480 Et
308 448 536 481 sermone
563 450 688 496 opus
713 442 792 483 est
816 437 966 483 modo
991 437 1143 494 tristi,
1172 453 1322 501 saepe
1338 440 1530 500 Jocoso,

215 500 530 548 Defendente
556 503 718 548 vicem
744 503 893 549 modo
919 502 1135 551 rhetoris
1161 510 1313 567 atque
1338 511 1527 568 poetae,

215 567 480 614 Interdum
506 569 701 626 urbani,
722 570 976 631 parcentis
1003 570 1196 618 viribus
1221 578 1373 634 atque

214 633 555 681 Extenuantis
580 651 665 682 eas
691 637 934 683 consulto.
1009 637 1302 685 Ridiculum
1329 639 1429 687 acri

215 699 421 748 Fortius
445 706 496 748 et
519 703 699 750 melius
726 718 941 765 magnas
966 703 1260 768 plerumque
1286 714 1426 754 secat
1447 721 1541 754 reS.
1710 703 1768 748 15

215 767 314 826 Illi,
342 768 528 830 scripta
551 770 734 831 quibus
761 771 1023 818 comoedia
1046 772 1212 834 prisca
1236 773 1359 821 viris
1384 779 1476 831 est,

200 835 331 882 -Hoc
356 836 574 894 stabant,
603 836 697 883 hoc
723 842 842 884 sunt
867 838 1134 899 imitandi3
1170 854 1299 901 quos
1323 855 1484 903 neque
1508 839 1717 902 pulcher

215 901 566 964 Hermogenes
592 919 832 966 umquam
859 905 998 967 legit,
1029 920 1189 968 neque
1215 906 1395 954 simius
1418 908 1515 954 iste

214 968 303 1016 Nil
327 975 527 1031 praeter
553 970 771 1019 Calvum
795 976 847 1019 et
872 973 1053 1019 doctus
1079 978 1282 1021 cantare
1311 974 1583 1022 Catullum.

214 1040 244 1063 “
262 1036 336 1084 At
361 1052 603 1098 magnum
629 1038 759 1095 fecit,
787 1040 921 1101 quod
949 1040 1119 1087 verbis
1146 1040 1340 1089 Graeca
1366 1040 1568 1088 Latinis
1708 1036 1769 1082 20

214 1102 473 1151 Miscuit.''
545 1104 587 1152 O
615 1105 712 1152 seri
738 1104 1053 1154 studiorum!
1091 1107 1240 1170 quine
1265 1108 1455 1171 putetis

216 1169 428 1218 Difficile
453 1175 505 1218 et
529 1172 727 1226 mirum,
757 1172 960 1221 Rhodio
987 1174 1119 1236 quod
1148 1174 1459 1223 Pitholeonti

218 1236 485 1300 Contigit?
559 1243 586 1262 “
605 1240 679 1286 At
704 1254 867 1286 sermo
894 1240 1071 1303 lingua
1095 1242 1370 1290 concinnus
1396 1247 1607 1304 utraque

218 1303 449 1363 Suavior,
477 1310 534 1353 ut
561 1306 688 1354 Chio
713 1312 835 1354 nota
861 1307 903 1354 si
931 1309 1207 1356 commixta
1233 1308 1434 1356 Falerni
1459 1310 1586 1356 est.''

217 1370 346 1418 Cum
371 1387 547 1420 versus
574 1373 744 1432 facias,
772 1379 822 1421 te
847 1374 1013 1437 ipsum
1037 1380 1318 1437 percontor,
1347 1391 1412 1422 an
1435 1381 1488 1422 et
1512 1390 1624 1423 cum
1706 1369 1765 1416 25

214 1437 356 1486 Dura
379 1440 472 1486 tibi
497 1441 783 1502 peragenda
807 1441 879 1488 rei
906 1442 972 1489 sit
997 1457 1153 1490 causa
1179 1441 1390 1490 Petilli?

215 1503 416 1554 Scilicet
441 1507 627 1554 oblitus
651 1508 944 1571 patriaeque
970 1510 1227 1572 patrisque
1254 1509 1444 1567 Latini,

215 1571 345 1620 Cum
375 1573 560 1621 Pedius
585 1590 765 1622 causas
791 1576 1005 1623 exsudet
1031 1576 1292 1623 Publicola
1317 1583 1467 1639 atque

215 1638 479 1698 Corvinus,
505 1642 684 1704 patriis
711 1643 1051 1690 intermiscere
1076 1643 1240 1705 petita

213 1704 385 1754 Verba
410 1708 531 1755 foris
556 1710 717 1766 malis,
748 1710 995 1757 Canusini
1023 1725 1159 1757 more
1184 1707 1467 1772 bilinguis?
1701 1704 1763 1749 30

211 1772 382 1836 Atque
406 1790 502 1837 ego
528 1791 640 1823 cum
669 1776 890 1825 Graecos
917 1777 1147 1836 facerem,
1169 1782 1319 1824 natus
1342 1791 1479 1824 mare
1504 1776 1644 1835 citra,

209 1838 519 1899 Versiculos,
546 1844 710 1890 vetuit
734 1859 813 1891 me
840 1843 928 1891 tali
955 1859 1077 1891 voce
1104 1844 1360 1905 Quirinus,

210 1906 337 1955 Post
361 1910 579 1956 mediam
605 1912 803 1957 noctem
834 1911 990 1969 visus,
1018 1926 1129 1959 cum
1158 1910 1352 1958 somnia
1375 1925 1523 1958 vera:

211 1978 239 1998 “
257 1974 319 2021 In
345 1976 522 2022 silvam
551 1992 651 2024 non
678 1977 819 2039 ligna
845 1978 975 2025 feras
1004 1978 1248 2035 insaniuS‚
1276 1993 1333 2025 ac
1358 1976 1400 2024 si

208 2040 431 2103 Magnas
459 2044 765 2092 Graecorum
791 2044 942 2091 malis
968 2045 1176 2107 implere
1201 2045 1480 2092 catervas.''
1697 2037 1759 2083 35

258 2174 532 2238 ,Turgidus
558 2177 779 2241 Alpinus
796 2179 1003 2241 jugulat
1029 2179 1151 2226 dum
1178 2178 1466 2235 Memnona,
1494 2177 1713 2239 dumque

206 2241 432 2305 Defingit
459 2245 630 2292 Rheni
657 2246 851 2293 luteum
879 2250 1044 2309 caput,
1074 2245 1197 2293 haec
1221 2261 1316 2307 ego
1341 2245 1477 2299 ludo,

207 2310 347 2369 Quae
375 2326 535 2374 neque
562 2313 613 2358 in
640 2314 760 2360 aede
789 2318 973 2360 sonent
998 2312 1248 2360 certantia
1263 2311 1432 2372 Judice
1461 2310 1641 2372 Tarpa,

205 2374 253 2422 N
259 2392 314 2423 00
338 2378 546 2426 redeant
571 2380 753 2427 iterum
782 2387 931 2443 atque
957 2377 1140 2427 iterum
1167 2377 1446 2440 spectanda
1469 2377 1697 2424 theatris.

205 2443 411 2504 Arguta
435 2447 694 2494 meretrice
720 2454 866 2509 potes
893 2448 1141 2508 Davoque
1170 2445 1444 2494 Chremeta
1695 2437 1756 2482 4⁰

205 2508 454 2560 Eludente
483 2528 654 2560 senem
681 2515 836 2561 comis
865 2513 1054 2576 garrire
1081 2512 1278 2560 libellos

205 2574 352 2625 Unus
378 2580 626 2637 vivorum,
659 2580 926 2640 Fundani3
966 2580 1131 2627 Pollio
1156 2592 1335 2640 regum

205 2642 366 2692 Facta
392 2647 528 2693 canit
553 2647 681 2708 pede
706 2652 783 2693 ter
807 2662 1079 2708 percusso;
1115 2647 1242 2692 forte
1267 2659 1388 2706 epos
1414 2658 1539 2702 acer,

206 2709 280 2757 Ut
305 2726 466 2772 nemo,
495 2713 687 2761 Varius
713 2714 882 2774 ducit;
918 2713 1068 2760 molle
1096 2717 1245 2774 atque
1272 2712 1492 2758 facetum

265 2837 312 2872 21
331 2839 485 2887 putatis
581 2839 628 2877 27
646 2839 866 2888 patrisque.
883 2839 1028 2875 Latine
1122 2838 1169 2874 28
1190 2837 1396 2886 Poplicola
1414 2835 1578 2871 editore·
1597 2835 1713 2883 uulyo

380 2889 426 2924 31
449 2890 561 2939 atqui
725 2890 771 2927 37
794 2890 968 2936 diffingit
1119 2889 1168 2924 43
1184 2889 1269 2923 fata
1420 2887 1470 2922 44
1485 2886 1583 2922 dicit
