1878 3054
167 172 235 224 42
625 184 867 223 HORA'H
909 185 1257 226 CARMINVM

369 316 551 364 Serves
575 315 760 363 iturum
791 316 1060 365 Caesarem
1087 317 1139 364 in
1165 317 1374 365 ultimos

367 382 517 430 Orbis
543 383 831 441 Britannos,
859 388 912 430 et
938 385 1184 445 Juvenum
1212 399 1386 432 recens
1656 385 1717 431 30

433 450 662 497 Examen
699 450 822 497 Eois
857 450 1139 497 timendum

499 517 737 564 Partibus
775 516 1075 579 Oceanoque
1112 518 1276 566 rubr0.

364 583 511 630 Eheu
536 584 821 631 cicatricum
845 589 898 631 et
923 584 1126 632 sceleris
1149 586 1309 648 pudet

366 650 713 714 Fratrumque.
789 651 924 711 Quid
949 666 1043 698 nos
1066 652 1193 699 dura
1217 653 1495 716 refugimus

434 717 635 765 Aetas?
672 718 791 780 quid
830 718 1078 765 intactum
1113 719 1300 766 nefasti
1657 717 1719 763 35

501 784 803 847 Liquimus?
842 786 974 832 unde
999 801 1206 833 manum
1233 787 1479 848 juventus

367 851 513 899 Metu
539 852 745 898 deorum
771 851 1059 900 continuit?
1098 853 1280 915 quibus

369 918 605 979 Pepercit
630 917 768 966 aris?
842 918 885 966 Ο
912 920 1108 966 utinam
1134 934 1270 967 nova

436 985 626 1034 Incude
663 985 895 1047 diffingas
931 991 1160 1033 retusum
1195 986 1250 1033 in

500 1051 826 1114 Massagetas
852 1053 1159 1116 Arabasque
1185 1049 1404 1102 ferrum!
1656 1051 1720 1096 40

814 1228 1079 1277 XXXVI.

367 1333 438 1380 Et
471 1337 583 1380 ture
619 1336 670 1379 et
704 1331 885 1379 fidibus
912 1333 1064 1393 juvat

437 1399 646 1447 Placare
671 1403 724 1445 et
748 1399 896 1445 vituli
923 1399 1174 1461 sanguine
1198 1399 1368 1448 debito

367 1466 621 1515 Custodes
658 1465 910 1513 Numidae
947 1466 1083 1525 deos,

437 1534 537 1594 Qui
560 1547 692 1579 nunc
721 1532 975 1595 Hesperia
999 1533 1267 1596 sospes‘ab
1290 1533 1472 1582 ultima

370 1600 517 1648 Caris
551 1600 713 1647 multa
750 1600 1025 1659 sodalibus,
1689 1597 1720 1643 5

436 1666 578 1714 Nulli
602 1667 745 1729 plura
770 1671 943 1713 tamen
967 1666 1154 1714 dividit
1176 1667 1352 1715 oscula

370 1734 536 1795 Quam
574 1733 710 1780 dulci
747 1733 971 1792 Lamiae,
1009 1748 1202 1780 memor

437 1801 601 1848 Actae
638 1815 738 1847 non
774 1800 873 1847 alio
909 1815 1027 1862 rege
1062 1800 1288 1863 puertiae

368 1866 701 1929 Mutat-aeque
739 1867 891 1914 simul
928 1872 1094 1929 togae.
1609 1910 1611 1912 ,

439 1934 623 1981 Cressa
649 1949 710 1981 ne
737 1939 908 1981 careat
931 1934 1143 1997 pulchra
1166 1934 1275 1982 dies
1300 1938 1437 1993 nota,
1658 1931 1718 1978 10

369 2000 485 2048 Neu
509 2006 772 2063 promptae
799 2002 982 2048 modus
1009 2001 1294 2062 amphorae,

438 2067 553 2114 Neu
577 2082 768 2114 morem
795 2068 847 2113 in
877 2067 1073 2114 Salium
1101 2068 1172 2115 sit
1194 2067 1393 2130 requies
1415 2069 1618 2131 pedum,

372 2133 490 2182 Neu
525 2134 670 2181 multi
706 2134 943 2181 Damalis
979 2134 1101 2181 meri

436 2200 655 2247 Bassum
683 2200 917 2247 ThreIcia
940 2201 1116 2248 vincat
1141 2201 1409 2264 amystide,

370 2267 487 2315 Neu
522 2267 690 2314 desint
725 2267 892 2328 epulis
929 2282 1089 2326 rosae,
1659 2265 1717 2312 15

436 2333 551 2380 Neu
577 2334 730 2381 vivax
758 2334 944 2396 apium,
972 2331 1244 2382 neu‘breve
1268 2334 1445 2383 lilium.

372 2399 563 2448 Omnes
598 2401 650 2447 in
687 2401 925 2447 Damalin
959 2406 1131 2463 putres

436 2467 707 2528 Deponent
733 2467 919 2525 oculos,
947 2482 1038 2514 nec
1064 2466 1294 2514 Damalis
1319 2482 1452 2516 novo

370 2533 654 2581 Divelletur
690 2534 932 2593 adultero,

438 2600 670 2647 Lascivis
707 2601 905 2647 hederis
943 2600 1269 2648 ambitiosior.
1658 2599 1720 2645 20

235 2744 283 2780 33
302 2742 381 2781 heu
399 2742 477 2778 heu
554 2743 602 2777 36
621 2752 763 2778 manus
840 2742 888 2779 39
908 2741 1086 2789 defingas
1164 2742 1212 2777 39
1231 2744 1450 2788 retunsum,
1468 2754 1650 2780 recusum

524 2792 540 2828 1
564 2791 681 2828 thure
1034 2792 1095 2838 11,
1115 2791 1176 2838 12,
1197 2792 1243 2828 13
1262 2803 1333 2829 nec
