1878 3054
713 163 835 201 LIB.
875 162 915 201 1.
957 147 1062 200 6-8
1606 128 1712 198 23'

104 299 346 364 Undique
372 299 663 362 decerptam
689 296 845 344 fronti
869 308 1182 358 praeponere
1209 293 1433 354 olivam;

241 367 504 415 Plurimus
541 366 594 412 in
631 363 856 413 Junonis
894 363 1139 410 honorem

106 435 304 501 Aptum
331 434 466 482 dicet
491 433 638 496 equis
664 433 841 494 Argos
868 430 1101 492 ditesque
1126 428 1404 491 Mycenas:

240 502 329 550 Me
365 516 457 548 nec
492 505 600 548 tam
636 499 840 562 patiens
879 498 1238 546 Lacedaemon
1609 492 1668 539 10

107 570 217 620 Nec
240 578 350 619 tam
376 569 617 616 Larissae
643 565 898 630 percussit
923 580 1134 628 campus
1159 555 1375 628 opimae,

244 638 413 700 Quam
449 636 634 684 domus
674 634 943 684 Albuneae
979 633 1283 691 resonantis

109 706 181 754 Et
195 719 447 769 praeceps
474 703 628 757 Anio,
658 718 715 750 ac
742 701 956 749 Tiburni
981 701 1139 760 lucus,
1167 704 1219 748 et
1242 671 1345 747 u’da

242 772 520 820 Mobilibus
554 770 782 834 pomaria
818 770 958 817 rivis.

109 840 279 890 Albus
304 845 363 888 ut
387 841 602 888 obscuro
631 839 866 901 deterget
890 836 1066 885 nubila
1090 835 1228 884 caelo
1611 828 1670 875 15

244 908 408 971 Saepe
434 907 619 966 Notus
648 922 811 970 neque
836 905 1055 969 parturit
1078 904 1266 952 imbres

111 977 379 1041 Perpetu0‚
407 975 478 1023 sic
502 980 560 1023 tu
588 975 793 1038 sapiens
819 974 960 1021 finire
985 976 1242 1020 memento

245 1044 535 1092 Tristitiam
576 1043 814 1105 vitaeque
854 1042 1053 1089 labores

108 1111 272 1170 Molli,
302 1111 505 1170 Plance,
533 1126 687 1170 mero,
718 1125 809 1158 seu
834 1114 884 1158 te
911 1107 1165 1172 fulgentia
1191 1106 1356 1170 signis
1738 1165 1741 1168 ‚

246 1179 432 1229 Castra
466 1183 657 1238 tenent,
698 1193 790 1226 seu
826 1178 987 1225 densa
1022 1175 1216 1224 tenebit
1606 1165 1669 1214 20

109 1246 316 1296 Tiburis
341 1248 521 1295 umbra
544 1247 634 1295 tui.
698 1246 907 1294 'Teucer
936 1244 1201 1293 Salamina
1224 1247 1523 1306 patremque

246 1314 377 1364 Cum
413 1315 626 1378 fugeret,
666 1319 840 1362 tamen
877 1313 980 1360 uda
1016 1312 1195 1374 Lyaeo

110 1381 366 1447 Tempora
400 1383 620 1446 populea
658 1382 817 1430 fertur
855 1381 1081 1429 vinxisse
1122 1393 1321 1437 corona,

245 1449 328 1498 Sic
363 1451 538 1499 tristes
576 1450 764 1498 affatus
802 1449 1022 1497 amicos:

111 1517 267 1580 “Quo
292 1533 386 1566 nos
411 1533 625 1581 cumque
654 1518 782 1566 feret
806 1517 984 1565 melior
1009 1516 1243 1563 Fortuna
1267 1517 1494 1578 parente,
1606 1515 1667 1562 25

244 1585 455 1645 Ibimus
493 1601 523 1634 o
560 1586 683 1634 socii
721 1582 1061 1648 comitesque!

111 1652 200 1702 Nil
226 1653 599 1717 desperandum
628 1653 825 1702 Teucro
851 1653 977 1701 duce
1003 1655 1055 1699 et
1081 1650 1284 1715 auspice
1312 1649 1539 1714 Teucro;

247 1720 432 1770 Certus
468 1722 602 1770 enim
640 1721 880 1785 promisit
918 1719 1107 1782 Apollo

112 1787 428 1852 Ambiguam
466 1789 644 1837 tellure
682 1804 818 1837 nova
858 1786 1118 1837 Salamina
1153 1786 1393 1833 futuram.

246 1855 289 1904 Ο
328 1856 485 1904 fortes
520 1857 792 1919 pejoraque
828 1856 968 1919 passi
1603 1856 1666 1904 30

111 1922 315 1971 Mecum
355 1938 506 1986 saepe
545 1924 655 1982 viri,
695 1938 830 1971 nunc
868 1923 987 1971 vino
1022 1923 1195 1986 pellite
1233 1935 1411 1969 curas:

247 1989 378 2040 Cras
415 1990 598 2054 ingens
634 1991 935 2039 iterabimus
973 1990 1211 2054 aequor.’'

819 2201 974 2250 VIII.

451 2303 636 2368 Lydia,
676 2305 772 2364 dic,
811 2319 901 2367 per
937 2319 1113 2352 omnes

250 2369 322 2420 Te
347 2371 470 2420 deos
496 2387 598 2431 or0,
628 2371 849 2435 Sybarin
875 2386 963 2419 cur
987 2386 1227 2435 properes
1253 2370 1472 2418 amando

452 2439 703 2500 Perdere;
740 2454 828 2487 cur
865 2439 1090 2502 apricum

249 2505 427 2554 Oderit
450 2522 703 2570 campum,
731 2507 933 2571 patiens
958 2507 1184 2570 pulveris
1219 2511 1370 2568 atque
1397 2502 1548 2553 solis!

452 2574 558 2623 Cur
592 2590 754 2637 neque
791 2575 1028 2623 militaris
1638 2580 1665 2627 5

249 2639 391 2688 Inter
416 2642 654 2704 aequales
680 2643 893 2706 equitat,
924 2642 1123 2691 Gallica
1151 2657 1240 2688 nec
1266 2641 1457 2703 lupatis

217 2795 239 2829 8
259 2794 409 2833 honore
428 2810 446 2833 e
466 2799 595 2834 conice
576 2805 687 2835 veura
817 2799 838 2834 9
859 2799 958 2835 (licit
1089 2799 1134 2834 15
1155 2798 1203 2833 ‹11-
1184 2797 1329 2843 otergit

168 2844 214 2882 17
233 2850 448 2896 perpetuos
543 2850 590 2887 27
610 2849 773 2898 auspice
794 2849 948 2895 Teucri,
969 2849 1132 2907 auspice
1153 2848 1312 2885 Phoebo
1333 2860 1352 2882 e
1371 2846 1591 2882 coniectura

217 2895 240 2930 2
260 2895 332 2933 hoc
353 2898 446 2933 deos
602 2901 625 2935 2
645 2910 838 2948 properas
995 2901 1015 2935 ὁ
1036 2899 1230 2935 militares
1386 2899 1407 2934 6
1430 2896 1582 2947 equitet
