1878 3054
759 170 882 209 mn.
923 169 993 208 11.
1035 155 1068 210 ’.7
1596 155 1701 211 187

128 308 354 366 nuceria,
380 310 439 354 ut
462 303 635 353 nervis
663 302 844 351 alienis
869 302 1059 349 mobile
1079 302 1294 364 lignum.

195 375 444 437 Quisnam
459 373 620 435 igitur
634 369 793 418 liber?
824 370 1054 432 Sapiens,
1069 370 1167 417 sibi
1184 370 1272 431 qui
1290 368 1607 431 imperiosae,
1641 365 1702 415 75

129 444 292 506 Quem
339 455 500 503 neque
546 438 831 501 pauperieS,
874 452 1038 500 neque
1085 451 1237 497 morS,
1289 451 1451 499 neque
1495 437 1698 484 vincula

327 511 533 565 terrent,

128 577 452 639 Responsare
478 572 818 636 cupidinibus»,
846 575 1168 620 contemnere
1196 569 1414 618 honores

129 643 313 702 Fortis,
339 647 392 690 et
414 642 467 689 in
492 656 546 688 se
572 641 684 704 ipso
708 645 865 697 totus,
892 644 1041 697 teres,
1072 644 1222 701 atque
1248 637 1513 697 rotundus,

129 710 340 760 Externi
365 725 428 758 ne
453 708 577 772 quid
603 708 775 755 valeat
799 721 889 769 per
914 706 1025 754 leve
1052 706 1254 764 morari,

129 778 191 828 In
214 792 364 841 quem
387 791 569 824 manca
594 775 699 822 ruit
724 788 925 836 semper
950 774 1168 821 fortuna.
1243 773 1466 821 Potesne
1636 777 1698 823 80

129 845 209 895 Ex
232 844 312 893 his
336 851 395 892 ut
417 843 679 908 proprium
704 841 827 905 quid
854 839 1098 889 noscere?
1175 840 1410 903 Quinque
1437 840 1634 888 talenta

130 912 303 962 Poscit
324 916 375 959 te
400 911 594 969 mulier,
622 914 778 958 vexat
804 909 1094 972 foribusque
1120 907 1382 970 repulsum

130 979 396 1029 Perfundit
419 978 605 1042 gelida,
633 991 809 1025 rursus
837 981 1014 1024 vocat:
1052 975 1188 1038 eripe
1214 975 1352 1037 turpi

130 1047 274 1098 Golia
287 1048 445 1110 jug03
482 1050 510 1071 “
527 1045 697 1104 Liber,
724 1045 850 1092 liber
877 1045 1039 1102 sum,’'
1065 1043 1145 1091 dic
1173 1041 1295 1105 agel
1365 1041 1414 1090 N
1419 1057 1485 1090 on
1513 1042 1656 1106 quis3

128 1114 291 1178 'Urget
313 1115 449 1162 enim
473 1113 710 1162 dominus
738 1117 961 1160 mentem
987 1126 1088 1158 non
1114 1111 1259 1168 lenis,
1286 1114 1339 1158 et
1364 1124 1504 1158 acres
1635 1111 1698 1159 85

129 1181 386 1245 SubJectat
409 1181 547 1229 lasso
572 1180 823 1238 stimulos,
851 1184 1122 1242 versatque
1148 1183 1437 1240 negantem.

130 1249 226 1298 Vel
249 1264 364 1298 cum
390 1249 644 1296 Pausiaca
667 1253 856 1311 torpes,
885 1246 1080 1305 insane,
1107 1246 1312 1303 tabella,

130 1317 229 1380 Qui
251 1331 428 1381 peccas
454 1316 623 1364 minus
649 1321 801 1378 atque
826 1330 940 1378 eg0,
969 1329 1083 1362 cum
1113 1313 1268 1362 Fulvi
1294 1312 1636 1376 Rutubaeque

126 1386 238 1433 Aut
263 1380 559 1432 Pacideiani
582 1378 825 1431 contento
850 1382 1042 1446 poplite
1072 1381 1228 1429 miror

128 1451 329 1500 Proelia
351 1450 554 1500 rubrica
577 1451 715 1515 picta
739 1455 830 1498 aut
853 1451 1087 1509 carbone,
1118 1449 1259 1497 velut
1284 1449 1328 1496 si
1631 1447 1693 1494 90

127 1517 206 1568 Re
231 1533 351 1567 vera
375 1523 619 1583 pugnent,
648 1518 846 1577 feriant,
875 1518 1137 1581 vitentque
1164 1520 1432 1565 moventes

127 1586 290 1635 Arma
314 1584 446 1635 viri?
516 1585 757 1649 Nequam
782 1590 834 1633 et
859 1591 1086 1634 cessator
1112 1585 1324 1646 Davus;
1362 1590 1417 1632 at
1442 1583 1551 1646 ipse

128 1651 344 1703 subtilis
371 1658 601 1702 veterum
618 1653 778 1716 judex
802 1658 855 1701 et
880 1653 1094 1701 callidus
1122 1652 1282 1700 audis.

127 1719 215 1769 Nil
238 1736 349 1785 ego,
369 1720 414 1770 si
437 1720 593 1769 ducor
616 1721 718 1768 libo
745 1721 1004 1769 fumante:
1042 1720 1136 1768 tibi
1163 1720 1348 1782 ingens

126 1786 307 1837 Virtus
332 1796 486 1853 atque
511 1788 710 1836 animus
734 1789 873 1836 cenis
899 1793 1170 1851 responsat
1195 1785 1418 1851 opimis?
1632 1783 1692 1831 95

127 1853 441 1919 Obsequium
467 1855 659 1903 ventris
685 1855 811 1902 mihi
837 1856 1173 1918 perniciosius
1199 1861 1279 1902 est
1303 1852 1427 1902 cur?

127 1921 294 1987 'Pergo
317 1924 509 1988 plector
531 1922 682 1970 enim.
758 1923 856 1984 Qui
882 1930 939 1971 tu
965 1922 1263 1986 impunitior
1289 1922 1391 1980 illa,

129 1989 269 2052 Quae
291 2005 451 2055 parvo
476 1990 608 2039 sumi
635 1995 908 2052 nequeunt,
938 1990 1150 2038 obsonia
1174 1986 1389 2052 captas?

126 2054 320 2122 Nempe
345 2058 923 2121 inamarescuntepulae
950 2058 1059 2106 sine
1087 2057 1182 2105 fine
1206 2057 1413 2120 petitae,

127 2122 372 2189 Illusique
398 2126 554 2189 pedes
582 2125 826 2172 vitiosum
856 2126 983 2173 ferre
1009 2130 1248 2173 recusant
1603 2121 1697 2170 100

129 2190 337 2255 Corpus.
409 2193 497 2241 An
522 2192 603 2240 hic
628 2199 818 2255 peccat,
848 2194 943 2241 sub
969 2199 1170 2240 noctem
1196 2191 1283 2255 qui
1307 2204 1433 2255 puer
1458 2203 1612 2238 uvam

129 2255 343 2308 Fui-tiva
365 2266 532 2307 mutat
557 2260 774 2322 strigili3
814 2261 899 2323 qui
924 2260 1135 2324 praedia
1162 2258 1352 2317 vendit,

129 2323 216 2373 Nil
240 2326 437 2386 servile,
464 2327 614 2391 gulae
641 2342 839 2390 parenS,
869 2326 1061 2375 habet?
1134 2327 1299 2385 Adde,
1326 2324 1462 2389 quod
1487 2323 1622 2371 idem

129 2390 246 2440 Nou
271 2393 446 2442 horam
472 2402 639 2443 tecum
665 2409 776 2442 esse
802 2401 963 2457 poteS‚
991 2410 1092 2443 non
1118 2395 1224 2443 otia
1249 2399 1384 2441 recte

132 2458 340 2520 Ponere,
366 2466 515 2525 teque
541 2462 706 2526 ipsum
737 2462 886 2520 vitas,
916 2462 1167 2525 fugitivus
1192 2466 1244 2509 et
1269 2474 1396 2517 err0,
1602 2461 1692 2509 105

130 2525 250 2575 Jam
276 2528 395 2577 vino
421 2543 685 2593 quaerens,
704 2530 811 2590 jam
838 2545 1016 2578 somno
1044 2529 1215 2577 fallere
1243 2541 1446 2576 curam:

132 2590 375 2645 Frustra:
407 2611 525 2644 nam
553 2610 723 2644 comes
749 2601 861 2644 atra
884 2597 1070 2660 premit
1094 2596 1422 2659 sequiturque
1449 2592 1683 2654 fugacem

197 2727 320 2777 Her.
344 2728 493 2777 Unde
518 2729 644 2777 mihi
670 2728 929 2794 lapidem?
1003 2731 1133 2778 Dav.
1159 2729 1415 2790 Quorsum
1434 2730 1514 2774 est
1540 2722 1696 2789 opus?

331 2796 454 2845 Her.
484 2797 633 2846 Unde
660 2798 880 2860 sagittas
902 2795 922 2844 2

602 2914 647 2950 75
668 2912 824 2963 sibique
980 2912 1051 2947 105
1072 2914 1113 2949 ut
1136 2922 1223 2948 erro
