1878 3054
209 154 305 208 108
660 166 900 206 HORATI
943 167 1288 207 cAmannt

463 296 670 355 Dentes,
709 303 759 345 te
795 299 915 361 quia
948 313 1105 360 rugae

532 363 762 426 Tui-pant
796 370 848 412 et
881 365 1065 427 capitis
1099 365 1260 414 nives,

399 428 507 478 Nec
534 430 669 478 Coae
695 431 915 479 referunt
941 433 1048 493 Jam
1072 432 1165 479 tibi
1188 445 1440 494 purpurae

397 496 506 544 Nec
531 497 652 544 clari
677 498 872 560 lapides
895 503 1141 561 tempora,
1167 513 1295 561 quae
1320 497 1476 545 semel

466 563 620 612 Notis
656 565 860 613 condita
895 565 1043 612 fastis
1669 577 1726 624 15

539 631 754 679 Inclusit
790 632 1011 680 volucris
1048 632 1168 680 dieS.

403 697 515 757 Quo
539 698 674 760 fugit
699 713 872 756 venue,
901 699 1014 756 heu,
1041 715 1204 761 quove
1230 697 1402 748 color?
1439 699 1623 747 decens

406 764 519 825 Quo
545 764 751 812 motus?
789 766 908 827 quid
937 766 1095 814 habes
1120 766 1271 824 illius,
1299 766 1452 823 illius,

473 831 613 891 Quae
650 832 877 894 spirabat
913 847 1125 891 amores,

540 898 682 959 Quae
719 914 798 947 me
835 905 1102 962 surpuerat
1137 899 1278 958 mihi,
1670 910 1731 955 520

408 964 554 1012 Felix
577 970 694 1029 post
721 966 978 1025 Cinaram,
1005 972 1227 1030 notaque
1250 971 1304 1014 et
1329 967 1516 1014 artium

407 1031 679 1080 Gratarum
705 1032 899 1082 facies?
973 1034 1074 1082 Sed
1105 1034 1320 1084 Cinarae
1346 1034 1528 1081 breves

473 1099 655 1147 Annos
692 1100 799 1148 fata
833 1101 1094 1158 dederunt,

544 1164 822 1215 Servatura
855 1168 943 1215 diu
977 1182 1151 1230 parem

411 1231 642 1280 Cornicis
668 1235 868 1282 vetulae
893 1234 1204 1297 temporibus
1230 1233 1423 1296 Lycen,
1675 1241 1735 1287 25

414 1299 634 1347 Possent
658 1307 714 1348 ut
739 1303 955 1363 Juvenes
981 1302 1141 1349 visere
1166 1300 1358 1359 fervidi,

476 1366 644 1416 Multo
680 1383 780 1416 non
818 1369 926 1416 sine
960 1369 1080 1426 risu,

547 1434 811 1497 Dilapsam
848 1435 900 1483 in
936 1435 1129 1483 cineres
1166 1433 1339 1483 facem.

912 1597 1064 1647 ΧΠ.
1114 1561 1118 1564 ’

417 1703 557 1765 Quae
584 1717 704 1750 cura
727 1706 931 1765 patrum
958 1716 1151 1764 quaeve
1179 1699 1456 1761 Quiritium

415 1770 590 1818 Plenis
616 1769 863 1817 honorum
888 1769 1182 1816 muneribus
1206 1774 1339 1826 tuas,

481 1837 734 1898 Auguste,
762 1836 979 1883 virtutes
1003 1835 1055 1894 in
1082 1849 1263 1882 aevum

550 1903 647 1950 Per
671 1902 850 1951 titulos
874 1916 1220 1963 memoresque
1246 1901 1410 1949 fastus

414 1970 671 2027 Aeternet,
698 1984 742 2027 o,
770 1984 871 2031 qua
896 1969 971 2016 sol
999 1967 1300 2016 habitabiles
1372 2000 1375 2002 —
1716 1962 1745 2008 5

416 2036 648 2084 Illustrat
674 2051 802 2093 oras,
830 2036 1048 2082 maxime
1074 2031 1400 2097 principum?

485 2104 647 2163 Quem
674 2103 803 2163 legis
829 2108 1060 2163 expertes
1086 2102 1303 2148 Latinae

551 2169 805 2216 Vindelici
832 2169 1051 2215 didicere
1076 2181 1247 2230 nuper,

419 2235 555 2297 Quid
581 2235 747 2282 Marte
771 2249 961 2296 posses.
1035 2233 1202 2281 Milite
1227 2247 1344 2280 nam
1368 2237 1458 2281 tuo
1536 2278 1538 2281 ,

419 2303 619 2350 Drusus
647 2302 932 2360 Genaunos‚
958 2301 1287 2363 implacidum
1312 2314 1490 2363 genus,
1692 2296 1749 2342 10

484 2369 813 2430 Breunosque
841 2369 1054 2425 veloceS,
1081 2373 1133 2415 et
1158 2382 1298 2415 arces

480 2431 483 2433 ’
554 2435 774 2498 Alpibus
798 2435 1067 2496 impositas
1093 2432 1384 2492 tremendis,

422 2502 619 2561 DeJecit
645 2516 758 2548 acer
780 2502 895 2564 plus
922 2502 1029 2548 vice
1054 2501 1298 2564 simplici3

419 2567 586 2630 MaJor
610 2567 870 2615 Neronum
895 2583 1015 2615 mox
1040 2583 1194 2628 grave
1220 2566 1469 2630 proelium

487 2635 772 2689 Commisit,
800 2635 1143 2696 immanesque
1171 2634 1366 2681 Raetos
1694 2628 1751 2674 15

553 2701 817 2764 Auspiciis
840 2701 1035 2763 pepulit
1060 2701 1311 2759 secundis,

274 2819 323 2857 14
337 2817 422 2857 cari
474 2816 522 2855 17
541 2817 649 2853 color
667 2816 838 2853 decens?
891 2817 938 2853 26
956 2817 1115 2866 possint
1169 2817 1216 2853 28
1236 2817 1442 2865 delapsam
1494 2815 1542 2851 28
1561 2815 1733 2853 cinerem

472 2868 498 2904 4
515 2868 642 2904 fastos
745 2869 766 2903 5
786 2867 858 2903 lux
961 2868 1007 2903 11
1028 2867 1209 2904 Brennus
1312 2867 1359 2903 16
1379 2866 1529 2917 repulit
