1878 3054
783 146 907 186 mn.
947 146 986 186 1.
1027 133 1061 186 2
1607 136 1713 191 195

133 277 205 327 Et
226 293 394 328 mores
420 278 682 328 hominum
707 279 946 344 inspexit,
972 281 1238 344 latumque
1263 295 1353 344 per
1379 296 1583 345 aequor,
1643 286 1706 331 20

134 345 271 395 Dum
297 347 408 406 sibi,
435 348 558 395 dum
584 348 739 395 sociis
765 349 986 395 reditum
1010 354 1173 412 parat,
1203 364 1385 411 aspera
1410 350 1575 398 multa

135 413 369 472 Pertulit,
398 415 629 463 adversis
655 430 822 462 rerum
848 416 1210 463 immersabilis
1237 416 1403 464 undis.

136 479 372 528 Sirenum
398 497 549 530 voces
573 488 626 530 et
654 482 830 530 Circae
855 484 1038 545 pocula
1064 483 1199 531 nosti
1224 500 1236 545 余

136 548 277 609 Quae
302 549 348 595 si
374 563 488 596 cum
514 551 668 597 sociis
692 551 884 598 stultus
909 551 1227 613 cupidusque
1254 551 1484 613 bibisset,

136 614 244 663 Sub
269 616 479 663 domina
502 617 767 664 meretrice
792 617 972 665 fuisset
996 620 1162 681 turpis
1188 623 1240 665 et
1265 634 1458 678 excors,
1642 620 1703 667 25

134 681 370 731 Vixisset
394 684 536 731 canis
562 685 857 732 immundus
883 685 965 733 vel
992 687 1158 734 amica
1182 686 1292 733 luto
1318 700 1421 735 sus.

203 817 317 867 Nos
342 834 583 868 numerus
610 835 786 868 sumus
811 825 863 869 et
888 822 1063 884 fruges
1089 836 1386 870 consumere
1412 823 1539 883 nati,

138 885 329 949 Sponsi
356 887 659 950 Penelopae,
687 889 980 949 nebulones,
1010 890 1319 953 Alcinoique

134 952 201 1002 In
224 958 339 1002 cute
365 956 592 1003 curanda
616 957 733 1019 plus
759 972 923 1019 aequo
949 963 1162 1020 operata
1189 959 1453 1020 juventus,

138 1019 236 1070 Cui
259 1021 529 1085 pulchrum
554 1023 651 1071 fuit
675 1024 726 1071 in
752 1024 948 1072 medios
974 1025 1200 1072 dormire
1222 1025 1349 1086 dies,
1375 1030 1428 1073 et
1641 1024 1706 1072 30

135 1088 222 1136 Ad
247 1090 518 1152 strepitum
543 1091 772 1139 citharae
796 1097 1054 1140 cessatum
1080 1093 1262 1140 ducere
1288 1107 1478 1141 curam.

136 1155 214 1204 Ut
238 1157 752 1219 jugulent-homines,
782 1165 1003 1222 surgunt
1028 1160 1090 1208 de
1117 1165 1265 1208 nocte
1290 1160 1546 1209 latrones:

136 1221 212 1271 Ut
235 1230 286 1271 te
311 1224 480 1288 ipsum
506 1240 694 1285 serves,
723 1242 825 1274 non
849 1226 1256 1290 expergisceris?
1327 1227 1507 1290 Atqui,

137 1289 192 1339 Si
218 1291 360 1339 noles
384 1306 557 1352 sanus,
584 1309 755 1342 curres
780 1294 1123 1357 hydropicus3
1159 1301 1213 1343 ct
1235 1294 1291 1343 ni

137 1357 329 1407 Posces
353 1365 472 1407 ante
498 1361 634 1408 diem
661 1362 847 1409 librum
872 1377 988 1410 cum
1013 1362 1219 1422 lumine,
1249 1363 1293 1410 si
1320 1377 1423 1409 non
1642 1362 1704 1411 35

136 1424 382 1474 Intendes
407 1428 633 1476 animum
661 1430 845 1477 studiis
870 1435 922 1478 et
945 1431 1098 1478 rebus
1123 1431 1369 1489 honestis,

136 1492 344 1541 Invidia
370 1495 449 1542 vel
475 1510 648 1544 amore
674 1497 800 1559 vigil
826 1498 1138 1561 torquebere.
1213 1498 1349 1545 Nam
1375 1511 1466 1545 cur

140 1560 281 1622 Quae
308 1561 519 1610 laedunt
541 1564 715 1611 oculos
741 1565 956 1613 festinas
983 1566 1197 1624 demere,
1226 1567 1269 1613 si
1296 1565 1418 1628 quid

136 1627 234 1675 Est
258 1629 499 1688 animum,
527 1631 697 1679 differs
723 1633 935 1681 curandi
959 1638 1164 1697 tempus
1188 1634 1240 1680 in
1267 1631 1496 1681 annum?

138 1694 422 1744 Dimidium
448 1698 569 1746 sacti
595 1699 684 1762 qui
709 1701 874 1763 coepit
899 1701 1084 1762 habet余
1121 1716 1298 1763 sapere
1325 1701 1488 1763 aude余
1643 1702 1706 1749 40

135 1762 324 1826 Incipe.
401 1765 500 1826 Qui
525 1774 661 1814 recte
687 1767 896 1814 vivendi
919 1774 1161 1832 prorogat
1186 1768 1379 1826 horam,

138 1830 385 1879 Rusticus
408 1839 672 1896 exspectat
698 1835 819 1882 dum
846 1835 1036 1882 defluat
1061 1835 1224 1883 amnis
1245 1852 1256 1897 余
1295 1841 1348 1883 at
1372 1835 1456 1883 ille

137 1895 356 1946 Labitur
379 1905 431 1947 et
455 1899 668 1961 labetur,
696 1900 747 1949 in
774 1917 923 1950 omne
950 1903 1189 1950 volubilis
1216 1918 1415 1951 aevum.

208 2034 486 2095 Quaeritur
510 2041 777 2099 argentum
803 2039 1076 2102 puerisque
1102 2039 1256 2087 beata
1280 2039 1514 2087 creandis

138 2099 296 2160 Uxor,
323 2107 375 2150 et
401 2102 621 2151 incultae
645 2112 892 2167 pacantur
918 2121 1120 2155 vomere
1146 2107 1339 2155 silvae:
1644 2106 1706 2154 45

139 2167 288 2230 Quod
314 2170 443 2217 satis
467 2176 548 2218 est
572 2172 652 2218 cui
679 2174 947 2236 contingit,
977 2174 1103 2221 nihil
1130 2175 1351 2238 amplius
1377 2179 1534 2238 optet.

136 2233 258 2283 Non
282 2237 466 2285 domus
489 2244 542 2286 et
567 2239 768 2299 fundus,
797 2256 897 2288 non
925 2242 1057 2289 aeris
1084 2258 1296 2289 acervus
1320 2247 1373 2290 et
1399 2241 1508 2289 auri

139 2302 369 2365 Aegroto
394 2305 584 2352 domini
613 2307 821 2355 deduxit
846 2323 1053 2372 corpore
1078 2310 1258 2368 febreS,

138 2368 257 2418 Non
283 2372 452 2419 animo
478 2387 639 2422 curas.
717 2375 902 2423 Valeat
925 2392 1191 2439 possessor
1215 2381 1429 2441 oportet,

142 2436 196 2485 Si
222 2440 555 2502 comportatis
581 2441 731 2488 rebus
757 2442 883 2489 bene
909 2445 1105 2506 cogitat
1131 2444 1220 2492 uti.
1644 2443 1707 2491 50

141 2504 238 2566 Qui
266 2507 409 2568 cupit
434 2514 524 2555 aut
547 2509 742 2566 metuit,
760 2511 911 2570 Juvat
936 2511 1078 2558 illum
1105 2512 1177 2559 sic
1202 2512 1384 2560 domus
1411 2516 1463 2560 et
1487 2527 1568 2560 res

141 2570 219 2619 Ut
243 2571 435 2635 lippum
461 2575 624 2637 pictae
651 2577 871 2635 tabulae,
900 2578 1125 2626 fomenta
1151 2581 1450 2641 podagram,

142 2637 416 2687 Auriculas
442 2642 665 2690 citharae
692 2643 901 2691 collecta
928 2646 1075 2693 sorde
1101 2647 1345 2694 dolentes

142 2703 403 2754 Sincerum
427 2714 508 2756 est
533 2709 632 2756 nisi
659 2725 766 2769 vas,
793 2712 1146 2776 quodcumque
1174 2714 1401 2761 infundis
1429 2713 1635 2763 acescit.

192 2822 237 2859 31
257 2824 399 2861 (lucere
419 2837 601 2863 somnum
731 2829 778 2865 32
798 2828 1000 2867 hominem
1130 2832 1179 2868 34
1198 2831 1301 2867 nolis
1432 2832 1478 2867 38
1499 2832 1656 2867 oculum

141 2873 187 2909 41
210 2874 373 2911 vivendi
388 2877 457 2926 qui
478 2881 583 2914 recte
687 2880 735 2915 46
754 2881 928 2928 contigit
1030 2882 1079 2917 46
1099 2882 1133 2918 is
1152 2882 1268 2927 nihil,
1289 2881 1355 2918 hio
1374 2881 1478 2917 nihil
1499 2881 1711 2917 Lambinuae

618 2929 667 2965 48
687 2929 848 2967 deducit
1002 2932 1049 2967 48
1071 2932 1221 2969 febrem
