1846 3034
613 603 672 665 Q„
713 600 1002 651 HoRA'rI
1039 596 1314 650 FLAGGI

440 749 1479 830 EPISTVLARVM

679 930 878 971 LIBER
903 929 1236 971 SECVNDVS

940 1204 982 1253 Ι.

174 1300 306 1351 Cum
330 1303 411 1349 tot
435 1299 690 1348 sustineas
714 1302 767 1346 et
790 1300 939 1345 tanta
964 1295 1173 1358 negotia
1199 1295 1354 1355 solus,

173 1368 282 1417 Res
306 1368 470 1416 Italas
494 1368 651 1416 armis
676 1364 874 1423 tuteriS,
901 1365 1130 1412 moribus
1157 1379 1320 1422 ornes,

174 1435 406 1499 Legibus
429 1435 686 1494 emendes,
713 1434 766 1480 in
788 1432 994 1496 publiea
1019 1432 1285 1479 commoda
1310 1445 1528 1494 peccem,

175 1503 231 1552 Si
257 1505 410 1566 longo
436 1518 666 1551 sermone
693 1514 858 1549 morer
881 1505 973 1547 tua
997 1505 1241 1561 tempora,
1266 1499 1472 1547 Caesar.

174 1571 431 1620 Romulus
455 1576 508 1618 et
534 1570 691 1619 Liber
713 1574 860 1633 pater
883 1575 936 1614 et
961 1582 1075 1615 eum
1105 1567 1319 1615 Castore
1348 1566 1548 1624 Pollux,
1712 1565 1742 1613 5

176 1638 304 1687 Post
329 1638 557 1701 ingentia
582 1638 717 1685 faeta
741 1636 952 1684 deorum
978 1635 1029 1682 in
1054 1634 1248 1697 templa
1273 1633 1476 1696 recepti,
1752 1645 1759 1652 ·

174 1706 312 1755 Dum
337 1712 498 1754 terras
523 1705 888 1766 hominumque
915 1702 1091 1750 colunt
1112 1716 1292 1766 genus,
1323 1715 1505 1764 aspera
1528 1699 1662 1748 bella

175 1773 516 1838 Componunt,
545 1787 699 1836 agros
726 1771 1010 1832 assignant,
1038 1769 1224 1832 oppida
1249 1769 1488 1827 condunt,

174 1841 448 1890 Ploravere
474 1841 582 1889 suis
608 1855 709 1887 non
734 1837 1038 1901 respondere
1065 1837 1289 1884 favorem

176 1908 449 1974 Speratum
474 1908 683 1956 meritis.
758 1906 936 1953 Diram
960 1904 1045 1968 qui
1070 1905 1302 1952 contudit
1327 1903 1547 1967 hydram
1682 1903 1745 1952 10

173 1976 412 2041 Notaque
439 1977 583 2025 fatali
610 1980 846 2040 portenta
872 1973 1044 2020 labore
1071 1973 1288 2035 subegit,

176 2045 438 2109 Comperit
461 2045 708 2092 invidiam
736 2056 974 2105 supremo
1001 2041 1096 2088 fine
1123 2039 1334 2088 domari.

174 2112 295 2161 Urit
318 2113 452 2161 enim
479 2113 676 2174 fulgore
704 2126 810 2168 suo,
838 2109 924 2173 qui
950 2114 1258 2173 praegravat
1283 2113 1419 2155 artes

174 2180 318 2229 Infra
341 2196 395 2229 se
419 2181 643 2244 positas3
680 2179 962 2227 exstinctus
987 2177 1242 2224 amabitur
1265 2176 1414 2224 idem.

176 2247 444 2296 Praesenti
469 2248 561 2295 tibi
588 2254 818 2295 maturos
844 2245 1093 2307 largimur
1117 2244 1349 2301 honores,
1684 2241 1745 2290 15

174 2315 207 2364 J
215 2317 535 2379 urendasque
560 2321 705 2363 tuum
732 2328 820 2377 per
847 2328 1031 2360 nomen
1058 2312 1296 2376 ponimus
1323 2325 1454 2369 araS,

175 2382 263 2431 Nil
289 2384 538 2431 oriturum
564 2383 706 2440 aliaS,
735 2382 804 2429 nil
832 2387 998 2428 ortum
1026 2380 1126 2428 tale
1154 2380 1388 2427 fatentes.

177 2450 278 2499 Sed
304 2457 423 2499 tuus
450 2451 530 2499 hic
556 2450 787 2513 populus,
818 2448 1024 2511 sapiens
1050 2454 1101 2495 et
1130 2448 1303 2508 justus
1328 2446 1381 2493 in
1407 2459 1524 2503 un0,

177 2517 249 2565 Te
275 2519 463 2566 nostris
489 2518 716 2574 ducibus,
745 2523 794 2564 te
822 2516 974 2565 Grais
1002 2514 1345 2572 anteferendo,

179 2584 363 2634 Cetera
388 2600 710 2649 nequaquam
737 2583 892 2631 simili
919 2583 1114 2630 ratione
1142 2582 1393 2644 modoque
1683 2579 1745 2625 20

177 2652 453 2711 Aestimat,
481 2659 547 2710 et,
578 2652 669 2699 nisi
698 2666 827 2714 quae
854 2651 1002 2697 terris
1029 2656 1226 2697 semota
1251 2650 1459 2710 suisque

177 2718 511 2784 Temporibus
536 2720 775 2767 defuncta
803 2717 957 2771 videt,
985 2717 1184 2765 fastidit
1209 2722 1259 2763 et
1286 2716 1407 2771 odit,

178 2785 263 2836 Sic
288 2788 457 2836 fautor
482 2794 725 2845 veterum,
748 2790 807 2832 ut
830 2785 1034 2833 tabulas
1060 2798 1264 2847 peecare
1292 2785 1541 2839 vetanteS,

370 2917 392 2956 ⁷
411 2928 502 2955 oum
606 2916 653 2953 16
673 2926 820 2953 numen
926 2914 971 2953 17
992 2913 1095 2950 nihil
1115 2917 1247 2951 ortum
1351 2911 1398 2947 19
1420 2909 1554 2947 Graiis

1500 2969 1578 3010 221
