1878 3054
795 475 842 534 E
881 474 929 534 P
964 478 1008 535 Ο
1045 477 1098 535 D
1137 478 1181 536 Ο
1219 477 1276 536 Ν

923 627 1150 701 LIBER.

1018 872 1060 921 I.

457 952 569 1003 Ibis
594 952 838 1001 Liburnis
864 951 999 998 inter
1025 951 1131 999 alta
1156 951 1380 1010 navium.

526 1021 721 1078 Amice,
759 1019 1159 1082 propugnacula,

459 1088 678 1136 Paratus
706 1101 852 1133 omne
885 1085 1119 1133 Caesaris
1143 1086 1420 1149 periculum

529 1155 720 1212 Subire,
763 1153 1051 1211 Maecenas,
1090 1159 1192 1201 tuo.

461 1223 597 1285 Quid
624 1237 730 1278 nOS,
760 1221 942 1282 quibus
968 1225 1018 1267 te
1044 1220 1153 1267 vita
1179 1220 1220 1267 si
1248 1221 1521 1284 superstite

526 1289 780 1346 Jucunda,
823 1288 864 1334 si
905 1292 1096 1346 contra,
1134 1287 1345 1349 gravis?

460 1357 714 1405 'Utrumne
744 1355 878 1417 jussi
906 1369 1265 1416 persequemur
1291 1355 1468 1415 otium,

527 1424 647 1472 Non
683 1423 841 1479 dulce,
883 1421 933 1468 ni
971 1426 1139 1468 tecum
1177 1420 1363 1469 simul?

459 1491 547 1540 An
573 1491 706 1538 hunc
730 1490 969 1547 laborem,
995 1493 1164 1535 mente
1190 1487 1343 1536 laturi
1368 1489 1512 1538 decet

531 1559 644 1620 Qua
678 1558 805 1605 ferre
844 1571 945 1603 non
982 1555 1160 1602 molles
1196 1554 1372 1602 viros?

460 1626 734 1686 Feremus;
770 1632 822 1671 et
847 1629 897 1670 te
926 1624 1006 1670 vel
1033 1637 1122 1684 per
1148 1622 1359 1684 Alpium
1387 1623 1529 1686 juga,

530 1691 897 1754 Inhospitalem
938 1695 990 1737 et
1029 1690 1329 1748 Caucasum,

461 1761 561 1808 Vel
588 1758 878 1808 Occidentis
908 1772 1066 1819 usque
1094 1757 1158 1804 ad
1182 1756 1416 1804 ultimum
1444 1757 1611 1805 sinum

529 1827 671 1874 Forti
709 1839 979 1888 sequemur
1015 1831 1230 1885 pectore.

460 1894 651 1958 RogeS,
678 1898 824 1940 tuum
846 1892 1016 1938 labore
1043 1889 1163 1953 quid
1190 1891 1366 1952 juvem
1390 1905 1520 1950 mec,

529 1960 755 2008 Imbellis
793 1975 851 2006 ac
890 1958 1064 2005 firmus
1099 1956 1316 2021 parum?

463 2028 647 2076 Comes
671 2027 864 2074 minore
895 2040 1007 2072 sum
1035 2025 1235 2072 futurus
1259 2024 1308 2071 in
1336 2028 1491 2083 metu,

531 2095 630 2156 Qui
666 2095 827 2154 major
866 2093 1101 2139 absentes
1137 2091 1322 2152 habet3

463 2162 539 2210 Ut
566 2161 798 2208 assidens
827 2159 1158 2221 implumibus
1182 2157 1336 2219 pullis
1362 2157 1476 2205 avis

531 2227 852 2290 Serpentium
893 2226 1118 2288 allapsus
1151 2225 1300 2272 timet
1528 2230 1531 2232 ’

461 2295 634 2357 Magis
659 2294 861 2352 relictis,
895 2307 1010 2349 non,
1038 2298 1096 2339 ut
1121 2291 1269 2349 adsit,
1297 2291 1451 2338 auxili

529 2360 726 2409 Latura
760 2361 876 2423 plus
916 2359 1284 2422 praesentibus.

463 2428 710 2477 Libenter
734 2428 828 2475 hoc
854 2432 906 2474 et
932 2442 1076 2474 omne
1102 2424 1407 2472 militabitur

530 2496 730 2543 Bellum
755 2496 809 2541 in
833 2499 953 2541 tuae
981 2509 1122 2556 spem
1146 2493 1357 2555 gratiae,

463 2562 581 2610 Non
607 2568 663 2610 ut
692 2561 924 2624 juvencis
950 2561 1147 2622 illigata
1171 2559 1402 2623 pluribus

531 2630 722 2677 Aratra
757 2629 987 2675 nitantur
1023 2628 1164 2684 meis,

465 2696 694 2744 Pecusve
722 2695 955 2744 Calabris
981 2699 1096 2741 ante
1123 2693 1263 2740 sidus
1287 2692 1540 2740 fervidum

533 2763 744 2811 Lucana
778 2765 941 2808 mutet
975 2761 1194 2823 pascuis,

377 2881 400 2917 ὖ
419 2880 473 2917 sit
524 2881 546 2916 6
566 2879 738 2916 iocunda
791 2879 837 2914 10
857 2889 975 2927 quem
1026 2878 1074 2913 21
1094 2877 1155 2913 uti
1174 2877 1228 2913 sit
1278 2877 1326 2912 26
1345 2887 1435 2912 mea
1485 2875 1534 2911 28
1551 2884 1703 2924 pascua
1730 2884 1731 2887 ’

1574 2932 1655 2971 114

1758 1558 1818 1605 10

1758 1894 1817 1941 15

1756 2228 1818 2274 20

1758 2561 1820 2608 25
