1878 3054
665 572 722 634 Q.
763 572 1049 623 HORATI
1086 575 1358 627 FLAOOI

476 723 1537 806 CARMINVM

738 899 936 939 LIBER
962 901 1259 948 QVARTVS

980 1169 1024 1220 Ι.

350 1248 666 1308 Intermissa,
705 1249 897 1308 Venus,
936 1250 1024 1298 diu

418 1317 620 1364 Rursus
647 1317 778 1364 bella
802 1332 979 1364 moves
1001 1316 1021 1365 ’.Ρ
1094 1318 1266 1381 Parce,
1292 1336 1480 1384 precor,
1506 1340 1690 1388 precor.

346 1383 466 1432 Non
503 1398 615 1430 sum
653 1384 816 1445 qualis
853 1399 990 1430 eram
1027 1384 1188 1433 bonae

418 1451 524 1499 Sub
548 1465 705 1512 regno
734 1450 962 1498 Cinarae.
1037 1451 1240 1513 Desine,
1267 1455 1489 1504 dulcium

344 1517 515 1570 Mater
550 1533 704 1565 saeva
745 1516 1068 1580 Cupidinum,

414 1586 561 1634 Circa
585 1585 745 1632 lustra
773 1585 945 1631 decem
973 1585 1170 1635 flectere
1194 1589 1429 1638 mollibus

341 1653 463 1701 Jam
498 1654 678 1701 durum
715 1652 970 1713 imperiis;
1007 1653 1089 1701 abi

410 1722 523 1782 Quo
549 1720 764 1768 blandae
794 1721 1042 1780 Juvenum
1066 1726 1116 1769 te
1141 1727 1382 1771 revocant
1403 1739 1589 1787 preces,

341 1786 718 1850 Tempestivius
755 1788 804 1834 in
843 1787 1049 1834 domum

408 1855 558 1902 Pauli
582 1854 847 1918 purpureis
874 1855 980 1902 ales
1007 1855 1230 1904 oloribus

341 1920 742 1970 Commissabere
780 1921 1012 1980 Maximi,

407 1988 463 2036 Si
488 1993 675 2036 torrere
703 1990 845 2050 jecur
868 1988 1070 2051 quaeris
1095 1989 1361 2040 idoneum:

337 2054 571 2118 Namque
607 2060 658 2102 et
694 2055 876 2102 nobilis
913 2061 968 2104 et
1000 2056 1183 2103 decens

403 2121 472 2169 Et
496 2137 585 2184 pro
611 2122 840 2169 sollicitis
865 2137 967 2169 non
990 2123 1178 2170 tacitus
1201 2123 1301 2171 reis

335 2187 406 2236 Et
440 2194 640 2236 centum
677 2204 803 2250 puer
844 2189 1030 2236 artium

403 2255 533 2302 Late
559 2255 708 2316 signa
734 2256 860 2302 feret
889 2255 1098 2303 militiae
1123 2260 1256 2314 tuae,

332 2321 403 2369 Et
437 2323 736 2384 quandoque
772 2324 1026 2385 potentior

402 2388 556 2450 Largi
581 2390 878 2437 muneribus
906 2389 1072 2437 riserit
1091 2390 1298 2449 aemuli,

331 2454 565 2503 Albanos
600 2472 756 2519 prope
793 2463 843 2504 te
881 2457 1020 2505 lacus

309 2550 315 2554 -
400 2522 562 2569 Ponet
586 2539 921 2572 marmoream
949 2525 1043 2572 sub
1068 2525 1211 2572 trabe
1237 2523 1406 2571 citrea.

328 2588 441 2636 Illic
475 2590 696 2651 plurima
732 2592 938 2639 naribus

394 2656 563 2703 Duces
588 2663 717 2716 tura,
746 2659 987 2720 lyraeque
1012 2663 1064 2706 et
1088 2658 1422 2721 Berecyntiae

355 2786 377 2822 9
398 2785 514 2822 domo
669 2786 714 2821 10
738 2786 869 2822 Paulli
1023 2789 1069 2823 18
1084 2789 1208 2835 largis
1362 2789 1409 2824 20
1432 2788 1582 2838 Cypria

479 2836 528 2872 22
547 2835 667 2872 thura
768 2837 816 2872 22
836 2838 1003 2887 lyraque
1115 2839 1164 2875 22
1183 2839 1423 2885 Berecyntia

1421 2900 1474 2939 94

1698 1851 1758 1898 10

1693 2184 1753 2231 15

1691 2517 1751 2563 20
