1878 3054
134 202 138 205 ,
194 166 299 218 196
603 177 844 216 HORA'rI
885 177 1336 218 Ems'rvnARvn

261 309 451 372 Sperne
477 309 769 370 voluptates
791 325 803 370 3
829 315 975 356 nocet
999 313 1173 370 empta
1198 309 1370 356 dolore
1395 309 1647 372 voluptas,
1689 305 1750 351 55

196 376 405 438 Semper
431 391 617 423 avarus
643 382 787 437 eget:
825 382 1015 423 certum
1043 382 1164 422 voto
1189 381 1304 438 pete
1331 376 1492 424 finem.

195 444 409 491 Invidus
435 443 642 490 alterius
668 443 934 489 macrescit
959 443 1110 489 rebus
1136 444 1318 504 opimis
1339 461 1350 505 ;

196 510 400 557 Invidia
428 510 585 557 Siculi
612 524 711 556 non
738 510 973 555 invenere
999 510 1206 571 tyranni

196 577 366 638 Majus
391 582 714 624 tormentum,
791 575 889 636 Qui
915 591 1015 622 non
1042 576 1385 624 moderabitur
1408 577 1527 637 irae,

198 643 444 691 Infectum
473 644 609 690 volet
633 658 744 689 esse
772 643 915 689 dolor
934 643 1069 704 quod
1096 644 1314 691 suaserit
1337 651 1388 692 et
1413 659 1572 705 mens,
1691 653 1751 700 60

198 710 333 757 Dum
358 725 548 772 poenas
573 710 687 757 odio
713 724 801 771 per
828 709 931 756 vim
960 710 1166 757 festinat
1191 711 1363 758 inulto.

199 776 281 824 Ira
308 777 444 823 furor
471 777 636 823 brevis
661 784 768 823 est:
808 777 1034 823 animum
1059 792 1190 838 rege,
1219 778 1304 840 qui
1330 777 1427 825 nisi
1450 784 1608 841 paret,

198 844 451 906 Imperat3
488 843 619 890 hunc
644 844 811 900 freniS‚
842 843 972 890 hunc
997 849 1050 890 tu
1077 859 1336 906 compesce
1362 851 1552 894 catena.

200 910 376 972 Fingit
398 925 583 972 equum
611 916 784 957 tenera
810 910 1023 957 docilem
1049 911 1240 958 cervice
1266 913 1509 973 magister

198 977 277 1024 Ire
305 978 454 1035 viam,
482 992 582 1039 qua
606 982 855 1024 monstret
879 992 1063 1039 eques;
1100 979 1377 1037 venaticus,
1405 994 1468 1027 ex
1490 994 1589 1042 quo
1693 985 1752 1033 65

163 1069 166 1072 ·
198 1044 445 1106 Tempore
472 1044 726 1091 cervinam
754 1044 936 1105 pellem
962 1044 1169 1091 latravit
1193 1045 1245 1091 in
1271 1046 1400 1104 aula,

199 1110 393 1158 Militat
420 1110 471 1156 in
497 1110 642 1157 silvis
667 1111 879 1157 catulus
954 1110 1001 1158 N
1008 1126 1103 1158 unc
1129 1111 1308 1159 adbibe
1332 1127 1458 1176 puro

200 1178 408 1224 Pectore
434 1178 604 1235 verba,
632 1192 769 1239 puer,
798 1192 931 1224 nunc
955 1183 1005 1225 te
1031 1178 1324 1225 melioribus
1351 1179 1482 1227 offer.

204 1245 315 1304 Quo
342 1244 495 1290 semel
520 1250 599 1291 est
623 1244 817 1290 imbuta
841 1259 1015 1291 recens
1041 1245 1264 1292 servabit
1289 1246 1492 1293 odorem

199 1310 354 1358 Testa
379 1310 478 1357 diu.
552 1311 700 1370 Quod
727 1311 768 1356 si
795 1325 981 1369 cessas,
1010 1316 1099 1358 aut
1122 1318 1359 1359 strenuus
1386 1313 1567 1372 anteis,
1691 1305 1751 1356 70

199 1377 247 1424 N
252 1392 308 1424 ec
332 1377 534 1424 tardum
560 1377 794 1439 opperior
819 1392 911 1424 nec
935 1378 1354 1439 praecedentibus
1379 1379 1529 1428 insto.

922 1552 1022 1600 ΙΙΙ.

198 1653 234 1701 J
238 1653 307 1699 uli
335 1653 499 1711 Flore,
526 1653 711 1716 quibus
735 1658 983 1701 terrarum
1007 1654 1193 1703 militet
1217 1656 1317 1704 oris

200 1719 445 1767 Claudius
472 1721 697 1782 Augusti
724 1721 1005 1782 privignus,
1034 1722 1160 1770 scire
1186 1723 1375 1772 laboro.

199 1786 459 1834 Thracane
486 1802 578 1834 vos
605 1787 912 1849 Hebrusque
939 1789 1096 1835 nivali
1122 1791 1362 1853 compede
1387 1792 1604 1853 vinctus,

199 1853 285 1901 An
311 1853 438 1900 freta
464 1854 658 1900 vicinas
683 1853 814 1901 inter
838 1856 1087 1902 currentia
1109 1861 1286 1916 turres,

199 1920 285 1967 An
309 1920 524 1982 pingues
550 1920 708 1968 Asiae
734 1922 900 1983 campi
926 1922 1178 1984 collesque
1203 1923 1502 1972 morantur?
1721 1907 1751 1954 5

200 1986 335 2046 Quid
352 1987 583 2033 studiosa
602 1987 784 2034 cohors
806 2003 1013 2049 operum
1034 1989 1220 2038 struit?
1259 1991 1374 2038 Hoc
1394 2007 1592 2054 quoque
1618 2007 1749 2040 curo.

201 2053 327 2113 Quis
352 2053 449 2099 sibi
474 2068 553 2100 res
581 2059 756 2114 gestas
782 2054 1012 2115 Augusti
1039 2057 1256 2104 scribere
1281 2057 1474 2105 sumit?

199 2119 343 2166 Bella
368 2119 480 2181 quis
506 2126 556 2166 et
579 2136 729 2182 paces
756 2121 965 2182 longum
993 2122 1228 2171 diffundit
1254 2124 1307 2170 in
1334 2123 1553 2173 aevum?

200 2186 334 2246 Quid
361 2186 542 2243 Titius,
572 2186 807 2233 Romana
833 2187 972 2234 brevi
998 2195 1242 2237 venturus
1267 2190 1320 2236 in
1345 2189 1469 2238 ora?

202 2252 453 2299 Pindarici
480 2253 635 2300 fontis
662 2254 747 2315 qui
775 2269 876 2300 non
901 2255 1142 2316 expalluit
1168 2256 1395 2316 haustus»,
1700 2251 1758 2299 10

201 2319 449 2365 Fastidire
475 2320 614 2366 lacus
639 2327 690 2366 et
716 2320 852 2368 rivos
880 2336 1034 2368 ausus
1059 2329 1273 2385 apertos.

200 2385 273 2431 Ut
297 2385 470 2433 valet?
507 2392 564 2433 ut
589 2387 820 2434 meminit
845 2387 1041 2435 nostri?
1113 2388 1390 2437 Fidibusne
1417 2390 1620 2439 Latinis

200 2450 468 2498 Thebanos
494 2459 666 2514 aptare
691 2455 869 2501 modos
895 2456 1065 2502 studet
1090 2458 1292 2518 auspice
1318 2457 1484 2517 Musa,

199 2519 286 2565 An
310 2519 504 2580 tragica
530 2520 762 2567 desaevit
786 2527 836 2567 et
861 2523 1168 2583 ampullatur
1193 2523 1244 2570 in
1271 2522 1413 2570 arte?

201 2585 334 2645 Quid
355 2586 478 2632 mihi
499 2586 678 2634 Celsus
699 2585 843 2647 agit?
869 2589 1104 2646 monitus,
1123 2590 1437 2652 multumque
1452 2591 1748 2649 monendus

200 2652 437 2699 Privatas
464 2659 519 2699 ut
544 2658 753 2715 quaerat
779 2669 913 2715 opes,
940 2661 991 2701 et
1015 2660 1222 2716 tangere
1251 2657 1376 2703 vitet
1702 2659 1760 2706 16

203 2717 402 2781 Scripta
430 2719 697 2766 Palatinus
722 2735 1066 2783 quaecumque
1093 2723 1282 2783 recepit
1306 2723 1512 2784 Apollo,

273 2833 318 2868 63
339 2833 492 2869 catenis
571 2835 618 2870 65
638 2846 758 2884 quam
838 2836 883 2871 65
904 2838 1101 2873 monstrat
1228 2837 1274 2875 67
1294 2838 1439 2875 adhibe
1516 2839 1540 2874 4
1557 2841 1684 2875 terra.-

677 2885 698 2920 6
718 2884 815 2921 haec
833 2885 1057 2932 Lambimte,
1084 2887 1273 2936 Umquiue
