1878 3054
243 172 345 224 182
614 228 617 230 ,
683 184 923 224 noRAm
966 185 1334 227 SATIRARVM

241 315 291 365 Ν
294 332 349 364 ec
373 315 509 363 mala
532 331 611 364 me
638 316 847 363 ambitio
871 317 1040 378 perdit
1063 332 1155 364 nec
1177 317 1446 380 plumbeus
1472 318 1665 367 Auster

242 384 637 445 Autumnusque
664 384 852 444 gravis,
882 383 1138 430 Libitinae
1163 390 1408 446 quaestus
1434 386 1654 433 acerbae.

243 450 497 496 Matutine
523 455 681 510 pater,
709 464 797 496 seu
823 449 858 496 J
862 458 954 496 ane
981 450 1224 497 libentius
1249 451 1411 510 audis,
1743 446 1802 492 20

244 516 393 563 Unde
420 516 650 563 homines
677 530 885 577 operum
909 516 1100 578 primos
1127 517 1360 579 vitaeque
1385 518 1582 566 labores

244 583 542 639 Instituunt,
573 582 669 642 (sic
696 583 775 629 dis
800 582 1088 644 placitum‚)
1114 587 1172 630 tu
1197 584 1434 632 carminis
1458 590 1568 632 esto

246 649 570 710 Principium.
646 649 842 696 Romae
870 663 1162 711 sponsorem
1188 665 1268 698 me
1293 651 1443 712 rapis.
1518 655 1544 676 “
1564 651 1675 710 Eia,

244 716 323 764 Ne
347 716 483 778 prior
508 715 665 763 officio
691 716 963 778 quisquam
990 717 1310 779 respondeat,
1338 732 1462 780 urge
1480 715 1491 766 l
1510 720 1538 745 ’'

246 783 363 830 Sive
391 783 579 845 Aquilo
605 783 739 829 radit
764 787 926 829 terras
953 798 1042 830 seu
1066 784 1247 831 bruma
1272 784 1491 832 nivalem
1744 777 1804 824 25

245 850 492 897 Interiore
520 849 651 896 diem
678 864 806 911 gyro
832 849 1007 907 trahit,
1035 850 1105 897 ire
1131 865 1335 898 necesse
1360 856 1451 899 est.

247 917 538 973 Postmodo,
566 916 699 978 quod
726 917 794 962 mi
823 917 960 964 obsit
984 916 1115 964 clare
1141 922 1430 980 certumque
1455 918 1638 977 locuto,

246 983 567 1030 Luctandum
595 983 647 1029 in
671 983 822 1030 turba
847 988 899 1030 et
924 984 1153 1031 facienda
1176 984 1357 1045 injuria
1382 985 1552 1033 tardis.

247 1054 274 1075 ‘⁴
295 1050 428 1110 Quid
454 1051 546 1105 vis,
575 1051 764 1107 insane,
792 1055 844 1097 et
868 1066 994 1113 quas
1019 1065 1101 1097 res
1128 1048 1276 1113 agis?
1295 1052 1323 1077 ”
1348 1051 1609 1114 improbus
1635 1056 1785 1114 urget

246 1116 399 1164 Iratis
423 1117 684 1179 precibus;
723 1121 750 1141 ‘⁴
768 1122 824 1164 tu
850 1118 1024 1179 pulses
1050 1131 1197 1165 omne
1223 1119 1357 1180 quod
1383 1119 1567 1177 obstat,
1741 1122 1803 1168 30

247 1183 332 1230 Ad
360 1183 707 1230 Maecenatem
735 1185 945 1231 memori
971 1184 1013 1231 si
1038 1190 1205 1232 mente
1230 1184 1494 1233 recurras?
1514 1187 1542 1214 '’

248 1250 361 1297 Hoc
379 1252 530 1311 juvat
554 1255 605 1297 et
629 1250 764 1297 melli
790 1255 882 1309 est,
910 1266 1011 1298 non
1037 1252 1264 1299 mentiar
1337 1253 1413 1299 At
1438 1252 1588 1300 simul
1615 1257 1752 1300 atras

247 1317 475 1364 Ventum
500 1322 580 1364 est
606 1317 878 1379 Esquilias,
908 1318 1073 1364 aliena
1096 1319 1303 1381 negotia
1329 1324 1533 1366 centum

249 1383 348 1430 Per
371 1389 522 1445 caput
546 1388 598 1431 et
621 1384 751 1432 circa
777 1384 965 1432 saliunt
989 1385 1135 1432 latus.
1210 1385 1397 1433 “Ante
1423 1387 1698 1434 secundam

246 1450 470 1498 Roscius
495 1451 671 1498 orabat
696 1451 790 1497 sibi
816 1451 1021 1499 adesses
1048 1452 1111 1499 ad
1139 1451 1318 1500 Puteal
1345 1455 1504 1500 cras.''
1743 1451 1806 1502 35

249 1521 276 1541 “
295 1517 371 1564 De
397 1532 447 1564 re
473 1517 725 1564 communi
751 1518 945 1565 scribae
970 1533 1160 1579 magna
1186 1524 1336 1581 atque
1362 1534 1495 1566 nova
1517 1524 1569 1567 te

249 1581 479 1630 Orabant
505 1583 652 1630 hodie
679 1585 1012 1642 meminisses,
1043 1585 1245 1645 Quinte,
1273 1586 1506 1634 reverti.''

250 1654 277 1674 “
297 1650 565 1712 Imprimat
591 1650 686 1707 his,
715 1665 848 1708 cura,
877 1651 1149 1699 Maecenas
1175 1652 1324 1715 signa
1350 1653 1601 1701 tabellis.”

248 1716 464 1776 Dixeris,
486 1722 512 1742 ‘⁴
532 1717 807 1781 Experiar:
827 1719 854 1745 '’
926 1723 953 1742 “
976 1716 1032 1767 si
1051 1718 1143 1777 viS,
1169 1720 1366 1781 potes,''
1391 1719 1534 1768 addit
1558 1725 1609 1767 et
1632 1719 1805 1768 instat.

317 1848 573 1913 Septimus
599 1854 778 1899 octavo
804 1852 1009 1914 propior
1024 1853 1132 1914 jam
1158 1851 1344 1914 fugerit
1370 1867 1547 1912 annus,
1735 1851 1798 1901 40
1819 1878 1825 1884 ·

248 1916 329 1964 Ex
354 1932 452 1979 quo
478 1916 749 1964 Maecenas
774 1933 852 1964 me
879 1919 1043 1981 coepit
1068 1918 1254 1966 habere
1281 1935 1486 1967 suorum

248 1985 310 2032 In
336 1998 571 2044 numero;
610 1984 879 2031 dumtaxat
905 1986 968 2032 ad
995 1984 1103 2043 hoc,
1131 2001 1281 2047 quem
1306 1986 1481 2034 tollere
1506 1986 1627 2034 reda

247 2049 419 2097 Vellet
444 2051 540 2097 iter
561 2020 768 2109 iaciens,
796 2056 847 2098 et
872 2052 951 2098 cui
977 2052 1271 2100 concredere
1297 2067 1462 2114 nugas

250 2116 364 2164 Hoc
389 2132 577 2178 genus:
617 2118 806 2164 “Hora
830 2123 987 2180 quota
1011 2123 1090 2165 est
1107 2117 1128 2166 ἲ
1148 2120 1282 2152 ''—-‘
1289 2119 1488 2167 ‘Threx
1504 2123 1583 2167 est
1603 2118 1807 2167 Gallina
1829 2157 1832 2160 .

451 2183 579 2244 Syro
641 2183 728 2230 ar?
747 2186 856 2217 ''—

251 2252 278 2273 “
296 2248 553 2296 Matutina
579 2199 856 2311 pgrum—
783 2254 959 2298 cautos
975 2252 1083 2312 ⁹iam
1111 2252 1301 2315 frigora
1324 2253 1585 2314 mordent;
1604 2253 1714 2285 ''-—
1743 2253 1803 2300 45

249 2315 320 2362 Et
345 2331 474 2377 quae
499 2316 688 2363 rimosa
712 2317 836 2364 bene
863 2318 1223 2379 deponuntur
1210 2334 1261 2365 1n
1288 2334 1421 2367 aure.

252 2382 349 2428 Per
372 2386 536 2429 totum
565 2382 657 2430 hoe
682 2388 883 2446 tempus
909 2385 1216 2446 subjectior'
1202 2400 1255 2432 1n
1281 2378 1416 2433 diem
1441 2391 1492 2433 et
1516 2385 1692 2433 horam

252 2449 478 2496 Invidiae
503 2454 687 2496 noster.
762 2450 938 2497 Ludos
965 2456 1286 2513 spectaverat
1308 2467 1423 2511 una,

250 2515 509 2562 Luserat
496 2531 548 2562 ln
575 2515 848 2577 Campoz‘
855 2516 1140 2564 ‘Fortunae
1166 2518 1299 2565 filius
1315 2517 1326 2566 l
1343 2520 1370 2546 ''
1395 2533 1583 2566 omneS.

250 2581 492 2642 Frigidus
519 2597 548 2628 a
575 2582 781 2629 Rostris
806 2588 981 2630 manat
1003 2599 1093 2646 per
1117 2585 1338 2647 compita
1362 2599 1563 2632 rumor:
1744 2591 1806 2636 50

251 2648 564 2710 Quicumque
591 2648 772 2696 obvius
797 2655 888 2707 est,
916 2665 994 2696 me
1021 2651 1267 2699 consulit:
1296 2655 1323 2676 “
1347 2650 1390 2699 Ο
1417 2652 1559 2710 bone,
1584 2650 1727 2714 (nam
1753 2656 1802 2698 te

310 2777 358 2813 29
377 2777 475 2826 quid
494 2777 569 2813 tibi
588 2778 650 2814 vis
753 2778 800 2814 29
822 2779 909 2825 agis
929 2780 1104 2815 omittunt
1207 2781 1254 2817 32
1275 2781 1444 2816 mentior
1544 2782 1593 2817 42
1612 2781 1737 2827 rheda

397 2828 446 2863 44
467 2827 615 2874 Thrax,
636 2828 1205 2945 Thsseixpectassiggstffluug
1222 2831 1507 2916 ῗιυίζέἑίιένίᾱίαθ.
1535 2831 1681 2868 Noster
