1846 3034
162 155 167 159 ·
209 138 317 190 210
623 150 863 191 HORATI
906 153 1356 196 EPISTVLARVM

932 308 1053 360 XV.

213 410 355 471 Quae
382 409 451 457 sit
476 408 674 473 hiemps
699 409 893 469 Veliae,
921 410 1056 472 quod
1081 411 1293 472 caelum,
1321 412 1471 472 Vala,
1502 413 1713 474 Salerni,

213 478 439 537 Quorum
467 477 729 524 hominum
755 478 895 539 regio
921 482 972 525 et
996 479 1162 540 qualis
1181 480 1279 537 via,
1305 479 1450 542 (nam
1467 482 1592 529 mihi
1617 484 1771 532 Baias

210 543 364 591 Musa
389 558 733 605 supervacuas
760 545 1034 599 Antonius,
1062 550 1115 592 et
1139 550 1310 593 tamen
1335 547 1437 594 illis

210 610 296 658 Me
321 611 443 657 facit
468 611 706 669 invisum,
734 612 904 673 gelida
928 627 1043 658 cum
1070 612 1271 674 perluor
1296 615 1433 662 unda

210 677 312 724 Per
335 678 553 724 medium
581 678 755 739 frigus.
832 677 964 725 Sane
991 685 1213 726 murteta
1237 680 1468 744 relinqu1‚
1739 685 1768 734 5

210 744 462 807 Dictaque
490 750 775 795 cessantem
801 746 972 792 nervis
996 746 1180 794 elidere
1207 748 1438 795 morbum

211 811 467 874 Sulphura
492 812 760 869 contemni,
789 813 932 859 vicus
956 813 1130 874 gemit,
1158 814 1362 862 invidus
1389 817 1568 878 aegris,

212 879 312 939 Qui
337 884 489 942 caput
514 884 565 925 et
591 879 911 926 stomachum
940 894 1220 943 supponere
1247 882 1474 930 fontibus
1499 886 1688 934 audent

211 946 440 994 Clusinis
467 945 756 1008 Gabiosque
783 952 966 1008 petunt
992 955 1044 994 et
1069 948 1257 1010 frigida
1282 963 1411 998 rura.

209 1012 494 1060 Mutandus
520 1013 659 1060 locus
685 1019 777 1071 est,
806 1019 858 1061 et
882 1015 1174 1062 deversoria
1198 1021 1322 1064 nota
1709 1019 1770 1066 10

210 1079 652 1142 Praeteragendus
669 1096 842 1143 equus.
885 1085 911 1105 “
933 1082 1044 1142 Quo
1061 1083 1229 1130 tendis
1246 1082 1266 1131 ¹?
1304 1083 1423 1131 Non
1438 1085 1564 1133 mihi
1581 1086 1771 1135 Cumas

208 1146 307 1194 Est
332 1147 427 1195 iter
451 1153 540 1194 aut
565 1147 771 1207 Baias,''
797 1148 945 1195 laeva
972 1150 1329 1198 stomachosus
1355 1151 1553 1200 habena

208 1213 360 1261 Dicet
383 1230 567 1276 eques;
606 1215 693 1262 sed
720 1216 837 1277 equi
865 1216 1061 1263 frenato
1087 1222 1166 1265 est
1191 1218 1327 1265 auris
1351 1219 1403 1266 in
1428 1234 1512 1267 ore
1532 1219 1570 1281 3)

208 1279 375 1342 Maj0r
399 1287 569 1329 utrum
594 1283 837 1344 populum
868 1283 1110 1331 frumenti
1137 1285 1283 1347 copia
1306 1291 1499 1348 pascat,

211 1347 529 1396 Collectosne
555 1349 731 1396 bibant
757 1350 945 1397 imbres
971 1356 1217 1413 puteosne
1244 1367 1490 1413 perennes
1708 1358 1767 1404 15

208 1414 364 1477 Jugis
390 1431 566 1478 aquae,
597 1415 742 1479 (nam
768 1417 891 1464 vina
918 1418 1044 1465 nihil
1070 1433 1238 1466 moror
1261 1419 1398 1466 illius
1423 1435 1569 1469 orae:

209 1482 349 1530 Rure
375 1498 486 1530 meo
511 1497 720 1545 possum
746 1484 948 1546 quidvis
976 1485 1192 1546 perferre
1217 1486 1456 1548 patique3

207 1548 296 1596 Ad
321 1565 457 1596 mare
483 1565 598 1597 eum
625 1550 755 1609 veni,
783 1566 1084 1613 generosum
1110 1556 1163 1600 et
1187 1553 1297 1600 lene
1322 1554 1534 1616 requiro,

209 1616 358 1676 Quod
383 1632 529 1664 curas
555 1618 745 1679 abigat,
774 1618 909 1680 quod
935 1634 1046 1666 eum
1076 1634 1163 1682 spe
1190 1620 1349 1668 divite
1374 1626 1549 1669 manet

206 1682 271 1730 In
297 1698 452 1731 venas
478 1685 800 1746 animumque
826 1687 1010 1743 meum,
1039 1687 1174 1748 quod
1199 1687 1354 1734 verba
1377 1687 1644 1747 ministret,
1703 1690 1766 1739 20

210 1750 360 1811 Quod
385 1766 464 1798 me
492 1751 731 1809 Lucanae
763 1753 1004 1813 juvenem
1033 1754 1352 1801 commendet
1378 1756 1567 1803 amicae
1586 1757 1622 1819 :)

209 1815 426 1865 Tractus
452 1823 565 1865 uter
587 1818 759 1881 plures
786 1819 997 1881 lepores,
1024 1825 1138 1867 uter
1162 1821 1342 1868 educet
1368 1837 1530 1883 aprOS,

207 1882 342 1931 ‘Utra
366 1885 533 1947 magis
558 1886 725 1948 pisces
751 1890 802 1933 et
826 1886 1034 1933 echinos
1059 1902 1280 1949 aequora
1305 1888 1482 1947 celent,

208 1949 424 2013 Pinguis
450 1951 508 1999 ut
531 1952 649 1999 inde
673 1953 879 2000 domum
904 1954 1099 2015 possim
1128 1954 1436 2017 Phaeaxque
1461 1956 1663 2015 reverti,

208 2016 434 2066 Scribere
459 2023 508 2066 te
533 2019 693 2078 nobis,
721 2020 816 2067 tibi
840 2035 933 2067 nos
959 2021 1218 2068 accredere
1243 2036 1336 2085 par
1361 2026 1453 2069 est.
1703 2025 1764 2071 25

273 2150 522 2211 Maenius,
549 2157 621 2212 ut,
650 2155 801 2201 rebus
826 2155 1072 2202 maternis
1098 2160 1247 2218 atque
1273 2157 1500 2218 paternis

206 2218 431 2266 Fortiter
456 2221 756 2283 absumptis,
783 2221 1007 2269 urbanus
1033 2223 1199 2284 eoepit
1224 2223 1415 2282 haberi,

208 2285 390 2333 Scurra
414 2303 591 2348 vagus,
619 2303 720 2346 non
745 2289 832 2350 qui
857 2293 1051 2335 certum
1075 2304 1318 2352 praesepe
1342 2294 1551 2349 teneret,

205 2352 505 2415 Impransus
530 2369 630 2400 non
657 2355 743 2416 qui
769 2354 930 2402 civem
955 2355 1243 2403 dinosceret
1268 2356 1429 2415 hoste,

208 2420 474 2479 Quaelibet
498 2421 551 2467 in
576 2422 808 2482 quemvis
836 2423 1102 2484 opprobria
1126 2423 1313 2485 fingere
1341 2438 1540 2481 saevus,
1702 2425 1764 2471 30

207 2484 463 2534 Pernicies
488 2491 540 2533 et
564 2492 845 2548 tempestas
869 2488 1259 2552 barathrumque
1284 2490 1498 2548 macelli,

208 2553 463 2615 Quicquid
488 2555 790 2615 quaesierat,
819 2556 985 2602 ventri
1010 2556 1235 2603 donabat
1261 2572 1428 2604 avaro.

209 2619 325 2679 Hic,
352 2621 436 2667 ubi
463 2621 715 2682 nequitiae
742 2621 1023 2669 fautoribus
1047 2628 1098 2669 et
1121 2623 1315 2670 timidis
1339 2623 1411 2670 nil

207 2686 318 2735 Aut
340 2688 551 2749 paulum
578 2687 874 2747 abstulerat,
902 2689 1105 2750 patinas
1130 2690 1378 2736 coenabat
1403 2689 1566 2737 omasi

269 2805 290 2842 1
308 2803 436 2840 hiems
540 2805 561 2840 5
582 2804 726 2853 reliqui
831 2803 853 2841 '7
874 2805 1029 2840 sulfura
1130 2806 1176 2841 10
1198 2806 1419 2842 diversoria
1522 2807 1568 2843 13
1589 2807 1701 2856 equis

376 2855 423 2890 16
443 2855 570 2891 dulcis
591 2866 718 2905 aquae
772 2854 818 2892 17
837 2856 989 2904 possim
1043 2856 1090 2891 18
1110 2857 1227 2892 venio
1279 2857 1327 2892 29
1347 2858 1598 2903 dignosceret
