1878 3054
706 169 829 209 ΜΒ.
869 170 937 209 11.
977 157 1010 210 2
1548 157 1650 212 163

75 302 393 362 PraesenteS,
413 301 610 362 Austri,
627 302 829 367 coquite
846 302 1027 351 horum
1049 302 1288 352 obsonia!
1323 304 1649 368 Quamquam

73 370 229 420 Putet
253 385 374 434 aper
397 370 746 433 rhombusque
771 386 962 426 recens,
990 371 1126 418 mala
1150 371 1298 433 copia
1324 372 1528 433 quando

73 439 301 501 Aegrum
327 437 572 486 sollicitat
597 437 936 497 stomachum,
965 453 1079 485 cum
1106 439 1284 502 rapula
1310 439 1491 501 plenus

73 505 246 569 Atque
272 506 446 554 acidas
472 505 671 553 mavult
694 505 878 553 inulas.
951 505 1185 553 Necdum
1212 507 1380 554 omnis
1407 507 1590 556 abacta

73 571 351 637 Pauperies
374 573 540 636 epulis
565 588 775 634 regum;
814 588 932 620 nam
960 573 1146 620 vilibus
1171 574 1282 621 ovis
1580 574 1642 619 45

72 638 352 704 Nigrisque
376 646 457 688 est
481 640 606 688 oleis
633 640 784 688 hodie
810 640 966 688 locus
1041 640 1199 688 Haud
1226 642 1300 688 ita
1322 641 1520 704 pridem

71 707 274 757 Galloni
299 707 563 772 praeconis
590 713 701 755 erat
728 708 1021 771 acipensere
1049 724 1227 756 mensa

70 775 297 824 Infamis.
371 774 547 837 Quid?
580 781 702 824 tunc
727 775 967 823 rhombos
993 776 1164 823 minus
1190 791 1380 839 aequor
1405 776 1610 826 alebat?

71 842 236 891 Tutus
259 851 371 891 erat
394 843 654 902 rhombuS,
682 848 895 906 tutoque
921 843 1117 891 ciconia
1141 844 1276 903 nido,
1309 893 1312 894 γ

70 909 244 958 Donec
270 926 363 959 vos
387 917 565 959 auctor
589 911 762 960 docuit
786 911 1090 974 praetorius.
1165 912 1308 974 Ergo
1583 919 1647 966 50

71 976 128 1026 Si
152 978 266 1041 quis
292 994 425 1027 nunc
449 993 653 1042 mergos
680 994 868 1027 suaves
893 979 1112 1027 edixerit
1139 994 1300 1039 aSSOS‚

69 1044 279 1094 Parebit
301 1046 448 1110 pravi
473 1046 654 1095 docilis
680 1046 920 1095 Romana
937 1048 1199 1110 juventus.

135 1179 383 1230 Sordidus
408 1196 440 1229 a
464 1182 605 1230 tenui
630 1182 773 1230 victu
799 1182 1030 1242 distabit,
1060 1181 1227 1231 Ofello

66 1247 105 1297 J
107 1249 277 1310 udice3
313 1264 430 1297 nam
456 1250 646 1298 frustra
673 1250 855 1298 vitium
883 1251 1129 1299 vitaveris
1155 1251 1298 1310 illud,

70 1314 126 1364 Si
149 1321 200 1364 te
226 1316 327 1364 alio
353 1331 567 1379 pravum
595 1318 882 1366 detorseris.
959 1319 1265 1376 Avidienus,
1577 1327 1640 1374 55

69 1381 165 1432 Cui
191 1382 348 1433 Canis
370 1399 434 1432 ex
457 1399 578 1433 vero
602 1385 810 1434 ductum
837 1401 1120 1448 cognomen
1146 1385 1405 1447 adhaeret,

69 1450 432 1515 Quinquennes
458 1452 598 1501 oleas
622 1458 704 1501 est
727 1458 780 1501 et
805 1454 1063 1502 silvestria
1086 1469 1256 1512 corna,

70 1517 149 1567 Ac
173 1518 270 1567 nisi
295 1525 548 1567 mutatum
575 1521 737 1584 parcit
761 1521 1035 1570 defundere
1061 1523 1253 1581 vinum,
1282 1527 1334 1570 et

5 1618 18 1625 x
69 1583 226 1648 Cujus
250 1586 455 1635 odorem
482 1588 575 1635 olei
605 1603 827 1652 nequeas
852 1591 1082 1652 perferre,
1112 1590 1312 1651 (licebit

67 1650 161 1701 Ille
185 1655 392 1717 repotia,
420 1655 633 1712 natales,
662 1656 855 1704 aliosve
883 1657 1078 1705 dierum
1577 1665 1639 1712 60

67 1718 250 1769 Festos
275 1722 478 1770 albatus
502 1723 764 1782 celebret,)
792 1739 948 1772 cornu
975 1725 1082 1788 ipse
1109 1725 1276 1773 bilibri

68 1785 313 1836 Caulibus
338 1789 569 1849 instillat,
599 1791 785 1839 veteris
811 1807 912 1839 non
938 1807 1124 1855 parcus
1150 1794 1292 1841 aceti.

67 1854 219 1916 Quali
243 1856 400 1919 igitur
427 1857 562 1906 victu
589 1859 795 1921 sapiens
820 1866 1006 1917 utetur,
1033 1866 1086 1908 et
1111 1860 1291 1908 horum

66 1919 252 1972 Utrum
278 1924 601 1974 imitabitur?
674 1926 790 1974 Hac
817 1933 965 1988 urget
984 1928 1150 1990 lupuS‚
1176 1928 1270 1977 hac
1292 1930 1448 1988 caniS,
1474 1929 1633 1978 aiunt.

65 1987 296 2040 Mundus
320 1992 432 2051 erit,
460 2008 564 2056 qua
586 2009 686 2041 non
713 1994 938 2043 offendat
962 1996 1213 2055 sordibuS‚
1242 2003 1395 2060 atque
1576 2001 1637 2047 65

65 2054 127 2105 In
151 2066 385 2107 neutram
411 2066 606 2123 partem
635 2061 804 2110 cultus
831 2063 995 2111 miser.
1074 2063 1176 2111 Hic
1202 2079 1363 2128 neque
1391 2065 1566 2123 servis,

64 2123 247 2173 Albuci
272 2128 410 2175 senis
433 2128 677 2192 exemplo,
706 2129 825 2177 dum
854 2131 1029 2179 munia
1055 2131 1200 2190 didit,

65 2189 262 2241 Saevus
284 2195 409 2255 erit;
447 2210 537 2243 nec
563 2196 635 2244 sic
661 2202 718 2245 ut
743 2197 962 2260 simplex
991 2196 1219 2247 Naevius
1247 2205 1451 2247 unctam

66 2257 311 2309 Convivis
325 2262 586 2325 praebebit
602 2279 786 2328 aquam
809 2284 818 2313 ε
851 2266 1030 2314 vitium
1049 2267 1142 2315 hoc
1159 2282 1357 2331 quoque
1374 2283 1632 2330 magnum.

126 2393 315 2459 Accipe
341 2411 474 2445 nunc
501 2398 667 2447 victus
693 2400 863 2447 tenuis
889 2415 1017 2463 quae
1044 2407 1336 2466 quantaque
1365 2417 1538 2450 secum
1571 2401 1629 2450 70

62 2458 268 2511 Afferat.
344 2463 404 2511 In
432 2466 607 2528 primis
636 2466 808 2514 valeas
833 2467 988 2516 bene:
1028 2484 1146 2516 nam
1176 2471 1345 2517 variae
1371 2485 1453 2517 res

62 2524 136 2575 Ut
159 2537 376 2579 noceant
403 2531 610 2590 homini,
639 2534 830 2591 credas,
861 2550 1053 2583 memor
1077 2537 1215 2583 illius
1240 2552 1384 2584 escae

63 2593 204 2655 Quae
230 2597 445 2662 simplex
470 2600 589 2648 olim
616 2602 709 2648 tibi
736 2602 953 2661 sederit3
992 2609 1045 2650 at
1073 2603 1223 2651 simul
1251 2604 1382 2651 assis

106 2724 154 2761 41
202 2728 360 2764 mmvis
429 2729 478 2767 47
498 2731 751 2782 accipenscrc
829 2734 878 2769 48
899 2745 1075 2783 aequora
1094 2735 1256 2772 alebant
1335 2736 1381 2771 53
1403 2737 1581 2774 distabat

223 2777 375 2815 dietum
455 2782 502 2817 58
525 2782 749 2819 diffundere
829 2785 877 2820 64
896 2786 1013 2832 angit
1091 2787 1137 2822 65
1154 2786 1223 2836 qui
1304 2787 1350 2822 65
1364 2788 1530 2823 offendit

207 2827 255 2864 0⁵
275 2830 461 2867 sordidus
582 2833 629 2868 69
650 2833 868 2883 praebebat
985 2836 1028 2873 71
1054 2835 1252 2885 imprimis
1366 2838 1412 2875 73
1433 2850 1478 2874 ac
