1878 3054
697 150 822 190 ΜΒ.
862 150 952 192 1v.
993 139 1074 203 12,
1106 138 1173 190 13
1606 136 1705 193 107

343 285 381 335 J
385 299 469 333 am
493 298 586 331 nec
611 287 763 346 prata
786 283 972 346 rigent,
1001 298 1094 330 nec
1118 281 1261 330 fluvii
1289 287 1526 346 strepunt

482 351 718 398 Hiberna
753 350 870 397 nive
906 350 1111 412 turgidi.

343 413 539 468 Nidum
564 418 724 481 ponit,
753 417 877 480 Ityn
902 417 1134 465 flebiliter
1160 433 1384 480 gemens
1678 428 1706 473 5
1784 452 1787 455 .

343 485 531 535 Infelix
556 486 669 532 avis
693 490 746 532 et
773 484 1048 548 Cecropiae
1076 485 1259 533 domus

342 554 629 603 Aeternum
654 552 995 615 opprobrium,
1023 553 1160 615 quod
1185 554 1317 601 male
1342 553 1588 602 barbaras

479 620 686 682 Regum
720 625 802 667 est
837 620 947 667 ulta
981 620 1234 668 libidines.

344 687 541 738 Dicunt
564 688 616 734 in
641 693 816 735 tenero
842 688 1072 750 gramine
1097 687 1364 750 pinguium

344 755 601 805 Custodes
626 756 798 803 ovium
824 756 1052 803 carmina
1077 755 1262 814 fistula,
1651 763 1707 810 10

344 822 717 886 Delectantque
743 823 895 871 deum
922 823 1003 871 cui
1028 838 1183 886 pecus
1208 828 1261 872 et
1284 822 1419 887 nigri

478 890 649 940 Colles
685 890 940 939 Arcadiae
978 891 1196 953 placent.

343 957 619 1008 Adduxere
645 959 783 1006 sitim
812 964 1059 1020 tempora,
1087 958 1318 1021 Vergili;

345 1025 448 1076 Sed
473 1041 707 1089 pressum
736 1024 947 1075 Calibus
973 1026 1156 1074 ducere
1183 1026 1429 1076 Liberum

343 1093 401 1143 Si
425 1095 604 1158 gestiS,
624 1095 873 1156 juvenum
903 1093 1147 1141 nobilium
1175 1094 1348 1154 cliens,
1652 1103 1710 1147 15

476 1161 653 1210 Nardo
693 1163 812 1210 vira
848 1162 1115 1210 merebere.
1276 1223 1279 1226 y

341 1228 394 1279 N
397 1230 506 1278 ardi
531 1245 721 1294 parvus
745 1245 884 1292 onyx
908 1229 1077 1277 eliciet
1100 1230 1297 1290 cadum,

342 1298 445 1360 Qui
469 1313 604 1346 nunc
632 1297 874 1361 Sulpiciis
902 1298 1116 1346 accubat
1142 1298 1351 1358 horreiS,

340 1363 468 1429 Spes
491 1366 682 1415 donare
709 1381 872 1414 novas
898 1366 1090 1430 largus
1118 1381 1392 1431 amaraque

476 1434 726 1484 Curarum
764 1435 930 1482 eluere
966 1434 1152 1483 efficax.
1650 1439 1710 1484 20

342 1502 430 1552 Ad
455 1519 584 1567 quae
611 1503 655 1552 si
679 1517 926 1566 properas
953 1504 1161 1566 gaudia,
1190 1518 1306 1552 cum
1331 1507 1422 1552 tua

340 1570 509 1620 Velox
532 1585 696 1619 merce
723 1571 868 1619 veni:
907 1586 1010 1619 non
1035 1586 1132 1635 ego
1157 1576 1208 1620 te
1235 1571 1364 1619 meis

339 1636 634 1688 Immunem
659 1639 877 1687 meditor
901 1639 1137 1702 tinguere
1163 1639 1374 1702 poculiS,

484 1706 642 1754 Plena
679 1706 823 1755 dives
859 1712 916 1754 ut
953 1706 1005 1754 in
1042 1707 1208 1755 domo.

343 1773 535 1822 Verum
562 1789 691 1838 pone
719 1788 890 1822 moras
914 1779 967 1822 et
993 1775 1219 1823 studium
1245 1774 1387 1833 lucri,
1648 1775 1709 1821 25

344 1840 723 1905 Nigrorumque
749 1856 956 1900 memor,
985 1842 1108 1890 dum
1132 1842 1267 1901 licet,
1296 1842 1510 1905 ignium,

345 1907 509 1958 Misce
546 1909 822 1957 stultitiam
859 1910 1083 1958 consiliis
1119 1910 1354 1957 brevem:

480 1976 642 2025 Dulce
678 1981 757 2025 est
793 1977 1023 2040 desipere
1060 1977 1114 2024 in
1149 1977 1275 2025 loco,

847 2082 1007 2133 XIII.

344 2162 621 2222 Audivere,
649 2158 805 2226 Lyce,
836 2162 885 2210 di
913 2178 1028 2211 mea
1055 2166 1190 2222 vota,
1218 2162 1270 2212 di

348 2230 627 2289 Audivere,
657 2230 822 2294 Lyce:
863 2230 921 2278 fis
948 2245 1090 2290 anuS,
1117 2236 1170 2279 et
1194 2235 1370 2279 tamen

413 2297 511 2346 Vis
548 2299 771 2346 formosa
808 2298 983 2357 videri,

482 2365 745 2429 Ludisque
781 2370 835 2413 et
869 2365 1006 2413 bibis
1043 2365 1330 2428 impudenS,

350 2429 422 2480 Et
446 2437 601 2481 cantu
626 2432 845 2481 tremulo
870 2437 994 2496 pota
1022 2432 1327 2496 Cupidinem
1676 2437 1705 2485 5

351 2498 574 2548 Lentum
603 2500 863 2548 sollicitas.
939 2500 1032 2547 Ille
1060 2501 1271 2547 virentis
1295 2505 1347 2548 et
1711 2521 1714 2526 ·

418 2566 614 2615 Doctae
649 2566 865 2631 psallere
906 2566 1066 2615 Chiae

487 2634 722 2682 Pulchris
758 2634 978 2682 excubat
1013 2635 1066 2681 in
1103 2634 1264 2696 genis.

348 2700 679 2764 Importunus
703 2701 840 2749 enim
866 2701 1153 2749 transvolat
1179 2701 1346 2748 aridas

354 2769 597 2829 Quercus,
625 2775 677 2815 ct
704 2767 894 2829 refugit
919 2774 983 2825 te,
1013 2769 1133 2830 quia
1160 2768 1312 2814 luridi
1647 2769 1706 2815 10

302 2883 343 2919 11
368 2884 591 2921 delectante
671 2886 717 2922 13
739 2884 885 2930 virgili
960 2885 1006 2921 16
1028 2884 1241 2921 mereberis
1314 2884 1360 2918 23
1382 2882 1537 2929 tingere
