1878 3054
242 136 344 186 160
693 145 934 185 HORATI
975 145 1345 186 SATIRARVM

250 291 445 338 Trebat.
487 290 691 351 Quanto
715 290 902 338 rectius
929 290 1037 348 hoc,
1065 305 1218 352 quam
1244 290 1377 338 tristi
1403 290 1599 337 laedere
1625 304 1777 337 versu

237 358 576 405 Pantolabum
600 372 842 404 scurram
870 358 1348 419 Nomentanumque
1374 362 1612 419 nepotem,

240 423 371 472 Cum
391 424 486 470 sibi
506 424 719 486 quisque
741 424 902 483 timet,
919 439 1230 487 quamquam
1249 429 1329 472 est
1346 423 1584 482 intactus,
1597 428 1649 470 et
1668 421 1797 471 odit!

305 558 482 605 Horat.
514 557 648 618 Quid
675 555 897 605 faciam?
973 557 1140 606 Saltat
1158 558 1415 616 Milonius,
1437 562 1495 605 ut
1519 557 1675 605 semel
1698 558 1798 604 icto

237 624 473 672 Accessit
498 626 664 672 fervor
689 625 843 687 capiti
868 640 1206 688 numerusque
1230 626 1478 686 lucernis;
1736 626 1797 672 25

240 691 424 739 Castor
448 693 639 754 gaudet
663 693 822 755 equis,
852 707 948 739 ovo
973 697 1255 755 prognatus
1279 693 1454 740 eodem

238 758 465 820 Pugnis3
503 764 627 821 quot
651 760 875 822 capitum
903 759 1099 817 vivunt,
1126 759 1338 807 totidem
1364 759 1648 806 studiorum

238 824 412 874 Milia:
452 841 530 873 me
557 827 773 888 pedibus
799 827 1019 873 delectat
1043 826 1274 874 claudere
1302 827 1454 874 verba

239 892 404 940 Lucili
430 893 543 951 ritu,
574 893 803 940 nostrum
832 893 1055 940 melioris
1082 899 1304 955 utroque.

237 958 330 1007 Ille
357 960 496 1007 velut
515 959 625 1007 fidis
653 975 836 1007 arcana
865 960 1125 1008 Sodalibus
1150 961 1271 1008 olim
1736 960 1799 1006 30

240 1026 488 1075 Credebat
513 1027 667 1086 libris,
696 1043 872 1090 neque,
902 1028 944 1074 si
971 1027 1102 1074 male
1128 1032 1362 1087 cesserat,
1389 1043 1607 1090 usquam

238 1092 524 1141 Decurrens
550 1094 663 1153 alio,
691 1110 851 1156 neque
879 1094 923 1141 si
949 1094 1105 1156 bene;
1140 1110 1240 1157 quo
1267 1095 1320 1142 fit
1345 1099 1402 1142 ut
1420 1095 1586 1142 omnis

237 1154 430 1208 Votiva
452 1165 627 1223 pateat
652 1162 810 1208 veluti
837 1161 1092 1223 descripta
1116 1162 1306 1209 tabella

241 1227 364 1275 Vita
389 1228 538 1275 senis.
615 1227 810 1291 Sequor
831 1228 978 1286 hunc,
1003 1228 1243 1276 Lucanus
1269 1244 1335 1276 an
1354 1229 1557 1291 Apulus
1578 1243 1793 1291 anceps:

239 1294 373 1342 Nam
399 1295 695 1342 Venusinus
722 1299 832 1342 arat
857 1295 1004 1349 finem
1030 1296 1124 1342 sub
1150 1300 1418 1358 utrumque
1444 1295 1663 1353 colonus,
1733 1297 1794 1344 35

237 1359 431 1409 Missus
459 1363 523 1410 ad
550 1362 656 1421 hoc,
684 1362 860 1424 pulsis,
892 1367 1038 1409 vetus
1063 1369 1143 1418 est
1166 1368 1225 1410 ut
1248 1363 1399 1421 fama,
1429 1362 1661 1420 Sabellis,

238 1429 350 1489 Quo
376 1445 437 1476 ne
463 1444 551 1491 per
577 1444 793 1476 vacuum
822 1430 1057 1476 Romano
1082 1430 1360 1477 incurreret
1384 1429 1560 1487 hostis,

240 1495 360 1544 Sive
387 1497 520 1558 quod
547 1496 718 1559 Apula
743 1511 870 1558 gens
897 1511 987 1543 seu
1011 1497 1146 1558 quod
1172 1496 1399 1543 Lucania
1424 1497 1612 1543 bellum

238 1563 496 1610 Incuteret
523 1563 756 1611 violenta.
831 1563 931 1611 Sed
958 1563 1039 1610 hic
1066 1564 1215 1611 stilus
1242 1563 1376 1610 haud
1401 1568 1539 1625 petet
1561 1562 1692 1609 ultro

239 1630 554 1692 Quemquam
575 1631 902 1688 animantem,
925 1635 977 1677 et
998 1645 1077 1677 me
1104 1630 1263 1678 veluti
1289 1630 1541 1677 custodiet
1563 1629 1701 1676 ensis
1736 1631 1798 1676 40

240 1697 444 1758 Vagina
468 1702 662 1758 tectus;
699 1712 848 1760 quem
868 1712 955 1744 cur
979 1697 1292 1759 destringere
1318 1711 1481 1755 coner,

238 1763 401 1811 Tutus
428 1764 491 1811 ab
516 1763 713 1812 infestis
739 1763 1060 1811 latronibus?
1134 1763 1176 1812 O
1203 1768 1347 1826 pater
1370 1769 1421 1811 et
1446 1779 1532 1811 rex

237 1831 273 1880 J
279 1831 491 1894 uppiter,
521 1836 577 1878 ut
601 1837 774 1893 pereat
796 1831 1022 1894 positum
1046 1831 1273 1893 robigine
1297 1831 1470 1890 telum,

238 1897 346 1946 Nec
372 1899 640 1960 quisquam
666 1903 847 1946 noceat
873 1898 1056 1960 cupido
1081 1898 1205 1945 mihi
1231 1896 1399 1961 pacisl
1470 1897 1545 1946 At
1569 1897 1651 1943 ille

239 1966 339 2031 Qui
364 1981 441 2012 me
466 1966 743 2023 commorit,
774 1966 812 2029 (‘
830 1966 1012 2012 melius
1038 1972 1139 2012 non
1164 1970 1370 2027 tangere
1389 1964 1400 2013 l
1420 1966 1432 1990 '
1456 1964 1660 2025 clamo,)
1734 1961 1798 2009 45

237 2031 420 2090 Flebit,
448 2036 501 2079 et
526 2032 743 2093 insignis
769 2037 880 2079 tota
904 2033 1193 2080 cantabitur
1217 2033 1350 2079 urbe.

241 2098 452 2147 Cervius
478 2099 636 2146 iratus
660 2099 799 2161 leges
824 2099 1089 2146 minitatur
1111 2103 1163 2146 et
1187 2114 1380 2157 urnam,

240 2165 456 2213 Canidia
481 2165 664 2212 Albuci
692 2166 874 2227 quibus
900 2171 980 2213 est
1003 2165 1208 2213 inimica
1231 2181 1496 2224 venenum,

239 2232 441 2281 Grande
468 2232 657 2279 malum
685 2232 885 2292 Turius,
913 2233 954 2279 si
982 2233 1103 2295 quid
1127 2247 1180 2280 se
1198 2233 1368 2293 judice
1388 2237 1569 2281 certes,

238 2299 313 2346 Ut
337 2314 434 2361 quo
460 2300 672 2361 quisque
699 2300 837 2347 valet
864 2305 1127 2362 suspectos
1152 2304 1352 2358 terreat,
1380 2304 1534 2361 utque
1736 2295 1798 2340 50

238 2366 459 2428 Imperet
480 2366 573 2413 hoc
599 2371 782 2413 natura
805 2372 1001 2429 potens,
1030 2367 1103 2414 sic
1128 2367 1308 2428 collige
1333 2381 1558 2413 mecum:

239 2432 403 2479 Dente
429 2433 592 2495 lupus,
622 2449 776 2480 cornu
800 2439 977 2480 taurus
1002 2433 1157 2496 petit:
1194 2434 1328 2480 unde
1354 2433 1452 2479 nisi
1477 2434 1617 2479 intus

238 2498 623 2546 Monstratum?
697 2500 918 2547 Scaevae
945 2501 1173 2547 vivacem
1198 2500 1341 2547 crede
1362 2500 1539 2561 nepoti

238 2565 456 2612 Matrem
477 2583 488 2626 ;
526 2566 596 2612 nil
623 2567 772 2613 faciet
791 2567 994 2614 sceleris
1018 2568 1101 2629 pia
1125 2567 1356 2614 dextera:
1393 2566 1592 2623 mirum,

239 2631 312 2678 Ut
338 2648 496 2694 neque
521 2633 657 2680 calce
683 2633 831 2695 lupus
857 2649 1161 2695 quemquam
1182 2649 1343 2694 neque
1365 2634 1514 2680 dente
1530 2632 1660 2695 petit
1678 2632 1793 2678 bosi

242 2697 341 2747 Sed
365 2699 501 2746 mala
525 2700 669 2746 tollet
695 2715 846 2746 anum
874 2700 1052 2747 vitiato
1077 2700 1223 2747 melle
1249 2700 1427 2747 cicuta.
1739 2706 1802 2752 56

288 2825 335 2860 31
357 2827 536 2870 gesserat
614 2825 660 2860 31
680 2836 871 2873 umquam
950 2826 999 2860 34
1018 2824 1202 2874 Appulus
1281 2826 1328 2860 38
1348 2824 1512 2873 Appula
1579 2824 1626 2859 39
1645 2823 1748 2872 petit

362 2875 409 2910 41
430 2874 671 2921 distringere
724 2876 771 2910 43
792 2875 977 2922 rubigine
1029 2876 1077 2911 48
1097 2875 1237 2911 Albuti
1290 2876 1336 2911 49
1353 2875 1387 2910 si
1405 2875 1495 2924 quis
1508 2900 1519 2910 .
1532 2900 1542 2910 .
1555 2877 1679 2910 certet
