1878 3054
217 163 286 215 68

685 175 926 215 HORATI
970 175 1312 218 CARMINVM

417 308 505 356 Me
541 308 800 356 fabulosae
838 309 1050 357 Volture
1087 309 1140 357 in
1177 310 1361 374 Apulo,

418 374 629 422 Altricis
665 381 807 422 extra
842 375 997 423 limen
1034 377 1268 439 Apuliae,

485 442 631 489 Ludo
667 442 1038 504 fatigatumque
1076 459 1253 491 somno

551 508 749 556 Fronde
788 524 922 556 nova
955 525 1167 572 puerum
1202 511 1470 573 palumbes

418 575 638 623 Texere:
675 576 859 622 mirum
884 577 1019 638 quod
1046 577 1176 624 foret
1201 578 1448 636 omnibus,

419 643 730 704 Quicumque
756 643 917 690 celsae
944 643 1117 691 nidum
1143 644 1486 692 Acherontiae

488 709 761 771 Saltusque
799 709 1050 757 Bantinos
1085 717 1138 758 et
1174 725 1353 758 arvum

553 775 750 837 Pingue
787 781 965 824 tenent
1002 777 1210 825 humilis
1247 778 1473 838 Forenti,

419 842 495 890 Ut
518 847 627 890 tuto
655 843 717 889 ab
743 844 869 890 atris
895 859 1098 906 corpore
1123 845 1315 907 viperis

419 909 704 957 Dormirem
730 915 781 957 et
806 911 952 969 ursis,
981 916 1037 958 ut
1059 926 1478 974 premerersacra

486 976 756 1038 Lauroque
793 977 1076 1040 collataque
1110 985 1294 1041 myrto,

552 1042 671 1090 Non
708 1044 814 1090 sine
851 1045 931 1091 dis
968 1045 1230 1092 animosus
1265 1045 1447 1096 infans,

420 1110 619 1168 Vester,
649 1110 916 1169 Camenae,
945 1117 1116 1159 vester
1139 1111 1191 1158 in
1217 1113 1405 1160 arduos

422 1176 593 1224 Tollor
620 1176 850 1236 Sabinos,
879 1193 968 1225 seu
994 1179 1117 1225 mihi
1142 1179 1384 1241 frigidum

488 1244 763 1291 Praeneste
802 1260 890 1292 seu
930 1245 1088 1293 Tibur
1123 1247 1363 1309 supinum

556 1310 656 1358 Seu
691 1311 911 1373 liquidae
946 1313 1179 1374 placuere
1215 1313 1389 1362 Baiae.

420 1377 623 1425 Vestris
648 1378 865 1425 amicum
891 1379 1118 1427 fontibus
1142 1385 1193 1427 et
1218 1379 1384 1428 choris

422 1444 542 1491 Non
567 1459 646 1491 me
673 1444 927 1508 Philippis
954 1461 1102 1493 versa
1124 1446 1256 1494 acies
1278 1452 1428 1507 retro,

488 1511 688 1558 Devota
726 1527 825 1559 non
861 1513 1110 1561 exstinxit
1145 1514 1307 1573 arbOS,

554 1577 666 1625 Nec
705 1578 876 1626 Sicula
913 1579 1186 1628 Palinurus
1221 1581 1375 1628 unda.

420 1643 708 1707 Utcumque
735 1661 932 1693 mecum
957 1662 1050 1694 vos
1074 1647 1229 1706 eritis,
1256 1648 1419 1696 libens

420 1711 769 1759 Insanientem
807 1713 986 1761 navita
1020 1715 1306 1777 Bosporum

488 1778 771 1841 Temptabo
807 1784 859 1827 et
894 1786 1099 1828 urentes
1135 1796 1316 1829 arenas

554 1846 747 1894 Litoris
783 1846 991 1909 Assyrii
1027 1849 1221 1910 viator;

422 1911 602 1959 Visam
629 1913 903 1961 Britannos
930 1914 1218 1977 hospitibus
1244 1915 1391 1975 ferOS,

422 1978 493 2026 Et
517 1979 706 2026 laetum
731 1981 915 2042 equino
942 1982 1192 2043 sanguine
1220 1982 1531 2042 Concanum,

489 2046 672 2093 Visam
707 2047 1031 2109 pharetratos
1069 2048 1290 2096 Gelonos

555 2112 626 2159 Et
663 2112 961 2175 Scythicum
996 2115 1273 2162 inviolatus
1310 2130 1524 2164 amnem.

422 2177 534 2226 Vos
562 2179 831 2226 Caesarem
859 2181 1033 2238 altum,
1061 2181 1242 2228 militia
1269 2182 1420 2228 simul

422 2244 610 2292 Fessas
635 2246 868 2294 cohortes
896 2247 1093 2294 abdidit
1118 2248 1331 2310 oppidis,

490 2312 662 2360 Finire
698 2319 1023 2376 quaerentem
1059 2314 1273 2374 labores,

559 2379 726 2426 Pierio
763 2381 1003 2428 recreatis
1041 2386 1202 2430 antro,

420 2444 531 2492 Vos
556 2446 666 2493 lene
693 2447 960 2494 consilium
986 2452 1038 2494 et
1062 2448 1211 2507 datis,
1238 2451 1290 2495 et
1315 2448 1435 2496 dato

422 2511 684 2570 Gaudetis,
712 2513 889 2562 almae.
965 2514 1177 2573 Scimus,
1204 2519 1262 2562 ut
1285 2515 1468 2578 impios

491 2578 703 2626 Titanas
739 2580 1111 2643 immanemque
1147 2586 1370 2628 turmam

556 2645 792 2693 Fulmine
830 2647 1094 2695 sustulerit
1128 2648 1333 2706 caduco,

273 2796 319 2834 10
338 2797 506 2834 nutricis
535 2801 650 2834 extra
676 2799 855 2835 limina*
871 2799 1026 2843 Pulliae
1053 2799 1106 2836 K.
1211 2800 1259 2836 16
1278 2799 1441 2837 Ferenti

1708 383 1767 430 10

1708 718 1767 764 15

1709 1053 1770 1099 20

1710 1387 1770 1434 25

1708 1721 1770 1767 30

1707 2055 1768 2102 35

1709 2390 1770 2436 40

1543 2798 1591 2837 27
1610 2799 1729 2838 arbor

322 2848 369 2884 31
390 2848 554 2885 tentabo
632 2850 678 2885 31
700 2852 856 2886 arentes
935 2851 982 2887 38
996 2850 1166 2895 addidit,
1181 2851 1358 2887 reddidit
1433 2850 1481 2886 43
1500 2850 1659 2886 turbam
