1878 3054
0 0 147 230 ἶ

833 133 899 187 17
1538 136 1642 190 129

26 259 50 274 ⁴*

208 283 470 346 Quantum
495 297 656 346 neque
682 285 794 329 atro
820 280 1082 329 delibutus
1107 281 1362 331 Hercules

205 351 360 400 Nessi
384 364 576 408 cruore,
603 364 695 397 nec
722 347 908 396 Sicana
933 349 1130 397 fervida

205 418 394 468 Virens
420 418 472 465 in
498 417 672 466 Aetna
698 409 933 477 flamma3
969 421 1041 475 tu,
1069 417 1229 466 donec
1253 418 1384 468 cinis

205 483 473 549 Injuriosis
499 484 673 532 aridus
701 483 870 531 ventis
897 485 1043 544 ferar,

206 553 360 604 Cales
385 553 595 602 venenis
622 551 820 599 officina
850 551 1118 601 Colchicis,
1577 554 1640 602 35

205 621 348 684 Quae
373 621 486 669 finis
511 625 602 668 aut
628 620 764 682 quod
792 635 873 667 me
899 626 1074 668 manet
1098 620 1453 684 stipendium?

205 688 405 751 Effare3
431 690 607 751 jussas
635 703 749 736 cum
778 687 874 736 fide
899 703 1091 750 poenas
1115 689 1270 749 luam,

204 756 427 806 Paratus
450 756 668 819 expiare,
697 770 788 803 seu
812 757 1106 819 poposceris

156 829 163 834 ‘
204 823 424 874 Centum
442 825 706 886 juvencOS,
736 823 843 870 sive
870 824 1102 872 mendaci
1125 825 1242 888 lyra

203 890 365 941 Voles
387 892 575 951 sonari,
605 896 633 916 ‘⁴
655 891 735 938 Tu
759 891 960 954 pudica,
987 896 1046 939 tu
1069 892 1229 955 proba
1579 891 1643 937 40

204 958 591 1008 Perambulabis
617 964 758 1006 astra
784 959 930 1007 sidus
955 961 1215 1008 aureum.''

202 1026 418 1076 Infamis
444 1027 673 1075 Helenae
705 1025 890 1074 Castor
915 1027 1136 1074 offensus
1162 1027 1286 1086 viee,

203 1093 483 1159 Fraterque
508 1094 685 1157 magni
719 1093 968 1154 Castoris,
997 1095 1118 1143 victi
1141 1110 1290 1158 prece

202 1161 464 1227 Adempta
491 1163 599 1210 vati
622 1161 891 1210 reddidere
918 1162 1143 1210 lumina:

202 1228 274 1279 Et
295 1235 367 1289 tu.
392 1235 540 1293 potes
565 1245 699 1287 nam,
729 1229 872 1277 solve
897 1245 977 1277 me
1003 1230 1277 1291 dementia,
1509 1256 1514 1260 ·
1582 1226 1643 1274 45

205 1295 251 1346 Ο
276 1312 367 1346 nee
389 1298 619 1362 paternis
644 1297 880 1345 obsoleta
905 1298 1155 1357 sordibus,

203 1363 383 1429 Neque
407 1365 461 1413 in
486 1364 774 1428 sepulchris
801 1380 1080 1428 pauperum
1106 1365 1328 1429 prudens
1354 1381 1484 1414 anus

201 1430 548 1483 Noveudiales
573 1433 829 1495 dissipare
856 1433 1107 1496 pulveres.

203 1496 322 1550 'ribi
346 1498 599 1564 hospitale
624 1505 808 1564 pectus
835 1506 887 1548 et
911 1515 1068 1563 purae
1092 1515 1293 1561 manuS,

203 1565 444 1632 'suusque
469 1574 648 1616 venter
675 1568 1026 1627 Pactumeius,
1053 1574 1106 1616 et
1130 1581 1221 1616 tuo
1582 1563 1645 1609 50

205 1633 395 1685 Cruore
419 1636 600 1683 rubros
626 1636 878 1684 obstetrix
902 1651 1102 1698 pannos
1126 1635 1269 1696 lavit,

203 1700 493 1767 Utcumque
519 1703 666 1751 fortis
693 1703 870 1751 exsilis
897 1718 1159 1766 puerpera.

158 1838 191 1864 ‘'
208 1836 344 1899 Quid
366 1837 621 1885 obseratis
648 1838 858 1885 auribus
886 1838 1059 1886 fundis
1084 1836 1298 1902 preces?

204 1902 324 1952 Non
347 1919 472 1953 saxa
497 1905 649 1952 nudis
678 1906 913 1953 surdiora
939 1906 1133 1953 navitis

203 1969 476 2035 Neptunus
501 1972 605 2020 alto
632 1973 808 2021 tundit
833 1972 1076 2021 hibernus
1102 1973 1224 2022 salo.
1583 1966 1645 2013 55

205 2037 408 2088 qultus
431 2045 490 2088 ut
515 2045 571 2087 tu
597 2040 772 2088 riseris
802 2039 1037 2102 Cotyttia

203 2103 445 2170 Vulgata,
473 2122 673 2155 sacrum
703 2107 849 2155 liberi
877 2107 1159 2171 Cupidinis,

206 2171 277 2222 Et
300 2173 554 2238 Esquilini
580 2175 813 2238 pontifex
841 2175 1049 2223 venefici

206 2239 422 2304 Impune
446 2248 504 2291 ut
529 2242 703 2291 urbem
736 2243 940 2291 nomine
966 2243 1194 2307 impleris
1218 2244 1365 2294 meo?

207 2308 342 2370 Quid
364 2311 603 2373 proderat
631 2312 825 2360 ditasse
857 2310 1102 2373 Pelignas
1130 2325 1274 2370 anua
1588 2303 1650 2349 60

207 2374 512 2426 Velociusve
539 2379 810 2427 miscuisse
840 2376 1104 2426 toxicum?

209 2440 310 2492 Sed
334 2446 562 2494 tardiora
588 2447 694 2495 fata
721 2452 771 2495 te
800 2446 937 2493 votis
963 2449 1201 2493 manent:

210 2508 422 2574 Ingrata
447 2514 631 2562 misero
660 2514 767 2562 vita
792 2513 1025 2561 ducenda
1048 2518 1128 2560 est
1153 2512 1204 2560 in
1230 2512 1339 2573 hoc,

209 2574 374 2628 Novis
399 2586 456 2628 ut
482 2596 641 2644 usque
670 2587 914 2645 suppetas
942 2580 1214 2628 laboribus.

212 2642 374 2709 Optat
395 2647 617 2711 quietem
646 2648 853 2712 Pelopis
878 2647 1021 2696 infidi
1045 2652 1206 2711 pater,
1589 2637 1650 2684 65

142 2796 192 2834 m
210 2807 351 2835 mare
451 2800 500 2836 42
520 2799 647 2836 vicem
751 2798 799 2836 47
820 2810 892 2836 nec
995 2798 1042 2836 57
1063 2799 1231 2845 vulgata
1335 2797 1381 2832 60
1401 2796 1583 2848 proderit

368 2849 417 2885 64
433 2850 637 2887 doloribus
1127 2850 1174 2885 65
1194 2847 1342 2884 infidus

266 2914 368 2957 flor.
392 2916 419 2956 9
