1878 3054
9 147 36 171 ⁹
741 169 747 174 ·
835 147 883 211 9,
915 146 983 198 10
1133 184 1137 187 -
1600 145 1703 198 123

336 294 414 344 At
435 293 531 342 hoc
555 293 827 341 frementes
856 296 1116 339 verterunt
1141 292 1221 339 bis
1246 291 1385 339 mille
1410 305 1568 355 equos

404 361 554 419 Galli,
593 365 834 408 canentes
874 359 1162 418 Caesarem,

336 428 722 490 Hostiliumque
750 427 959 475 navium
986 432 1138 490 portu
1162 427 1327 474 latent

402 496 610 558 Puppes
646 495 999 542 sinistrorsum
1038 494 1182 542 citae.
1634 492 1696 538 20

332 564 393 613 Io
418 562 711 626 Triumphe,
738 567 797 609 tu
822 561 1034 609 moraris
1061 577 1242 610 aureos

401 630 593 679 Currus
626 634 679 677 et
714 629 937 677 intactas
972 627 1172 676 boves?

331 698 394 747 Io
418 697 712 761 Triumphe,
740 711 832 744 nec
857 696 892 744 J
899 696 1179 759 ugurthino
1202 712 1374 761 parem

398 765 544 813 Bello
579 764 851 827 reportasti
889 765 1085 823 ducem,

331 832 510 896 Neque
536 833 853 890 Africanum,
882 832 963 880 cui
989 847 1141 896 super
1168 832 1537 896 Carthaginem
1634 828 1695 875 25

397 900 580 948 Virtus
618 899 949 963 sepulchrum
986 900 1227 948 condidit.

330 967 491 1016 Terra
514 968 743 1031 marique
772 967 940 1015 victus
968 968 1133 1016 hostis
1156 967 1343 1031 punico

342 1047 344 1049 ·
398 1035 640 1097 Lugubre
678 1036 904 1082 mutavit
941 1051 1136 1098 sagum.

329 1103 444 1152 Aut
467 1103 550 1151 ille
576 1108 780 1151 centum
808 1103 1030 1151 nobilem
1059 1103 1265 1152 Cretam
1293 1103 1519 1161 urbibus,

400 1170 586 1219 Ventis
625 1171 792 1218 iturus
829 1186 931 1219 non
968 1171 1090 1230 suis,
1631 1165 1693 1210 30

330 1238 654 1288 Exercitatas
692 1244 783 1286 aut
819 1239 950 1301 petit
989 1238 1172 1302 Syrtes
1208 1238 1361 1297 Nom,

398 1307 511 1356 Aut
547 1307 705 1355 fertur
743 1307 935 1355 incerto
971 1307 1114 1354 mari.

333 1373 640 1438 Capaciores
668 1374 791 1422 affer
817 1374 927 1434 huc,
953 1389 1093 1438 puer,
1122 1373 1343 1437 scyphos

396 1442 467 1490 Et
506 1442 640 1492 Chia
676 1443 797 1490 vina
833 1447 922 1490 aut
960 1441 1160 1500 Lesbia,

328 1508 445 1568 Vel,
473 1510 609 1574 quod
636 1510 874 1557 fluentem
901 1524 1147 1557 nauseam
1173 1511 1416 1567 coerceat,
1625 1503 1688 1549 35

398 1578 583 1627 Metire
622 1578 771 1626 nobis
811 1577 1133 1626 Caecubum:

331 1645 522 1696 Curam
549 1651 840 1709 metumque
869 1645 1106 1694 Caesaris
1131 1659 1299 1692 rerum
1326 1644 1479 1706 juvat

396 1713 548 1764 Dulci
586 1714 763 1778 Lyaeo
800 1713 1010 1762 solvere.

877 1915 945 1964 X.

325 2019 468 2070 Mala
506 2021 677 2070 soluta
714 2020 862 2069 navis
901 2019 1009 2067 exit
1046 2017 1166 2066 alite

395 2089 586 2138 Ferens
624 2089 844 2137 olentem
884 2086 1176 2135 Maevium:

326 2155 404 2205 Ut
439 2155 659 2205 horridis
697 2163 970 2218 utrumque
1008 2153 1244 2205 verberes
1280 2151 1434 2213 lame,

394 2223 601 2282 Auster,
640 2230 898 2271 memento
936 2219 1200 2269 fluctibus!

325 2289 488 2353 Niger
511 2290 754 2339 rudentes
783 2290 953 2337 Eurus
980 2289 1184 2336 inverso
1209 2287 1337 2335 mari
1650 2282 1678 2328 5

393 2357 707 2421 Fractosque
747 2371 914 2405 remos
950 2356 1181 2416 differat3

325 2422 572 2487 Insurgat
599 2424 806 2487 Aqui10‚
836 2430 1060 2487 quantus
1088 2422 1208 2471 altis
1234 2420 1496 2469 montibus

393 2491 611 2554 Frangit
647 2497 923 2539 trementes
963 2490 1137 2550 ilices;

323 2555 432 2606 Nec
458 2559 601 2607 sidus
628 2564 740 2606 atra
765 2563 910 2606 nocte
940 2558 1161 2605 amicum
1189 2558 1446 2618 appareat,

394 2625 510 2686 Qua
545 2626 709 2674 tristis
748 2624 906 2673 Orion
946 2624 1112 2684 cadit;
1618 2617 1678 2663 10

133 2760 176 2800 1⁷
202 2762 254 2801 nd
279 2762 397 2811 hunc,
417 2769 459 2803 at
485 2765 606 2812 hunc,
634 2765 778 2811 adhuc,
798 2769 841 2802 at
867 2764 957 2810 huc,
977 2765 1028 2801 ad
1048 2764 1122 2801 hoc
1143 2763 1205 2809 B„
1227 2763 1277 2800 ab
1297 2762 1370 2798 hoo
1394 2761 1444 2798 N.
1464 2760 1530 2806 H„
1554 2761 1614 2807 P„
1649 2765 1691 2798 at

178 2810 253 2852 hoo
271 2813 334 2862 1¹2,
354 2814 412 2863 0.,
426 2817 492 2863 D„
509 2816 561 2853 N.
785 2816 833 2852 20
855 2817 955 2852 sitae
1077 2816 1125 2851 34
1145 2818 1216 2850 aut
1336 2814 1383 2849 35
1404 2812 1589 2848 nausiam

503 2868 525 2903 2
547 2866 725 2904 Mevium
828 2868 852 2903 4
872 2866 1034 2902 flatibus
1139 2865 1159 2902 7
1181 2864 1312 2913 qualis
