1878 3054
679 159 802 198 mn.
843 156 883 197 1.
923 143 1068 196 9-12

837 326 906 375 Χ.

287 425 527 485 Mercuri,
565 423 781 472 facunde
818 435 979 483 nepos
1017 417 1264 477 Atlantis,

292 494 395 556 Qui
430 493 566 541 feros
602 491 771 539 cultus
811 487 1077 536 hominum
1113 490 1374 534 recentum

291 561 434 610 Voce
470 558 704 607 formasti
741 562 902 614 catus,
940 560 993 603 et
1028 555 1241 602 decorae

493 627 639 674 More
674 625 980 688 palaestrae,

293 696 366 744 Te
403 709 599 754 canam,
636 692 814 755 magni
850 690 1003 740 Jovis
1037 695 1090 737 et
1127 689 1336 736 deorum

291 763 561 820 Nuntium,
600 775 888 823 curvaeque
925 759 1070 821 lyrae
1105 761 1384 820 parentem,

294 830 566 888 Callidum,
605 828 845 891 quicquid
880 825 1090 890 placuit,
1120 826 1296 886 Jocoso

496 897 728 947 Condere
764 896 913 942 furto.

293 966 381 1024 Te,
418 966 578 1013 boves
616 965 739 1011 olim
777 962 873 1010 nisi
910 960 1226 1008 reddidisses

294 1033 396 1082 Per
431 1033 606 1081 dolum
643 1041 855 1089 amotas,
892 1043 1106 1092 puerum
1144 1026 1331 1075 minaci

296 1101 440 1150 Voce
477 1100 598 1147 dum
634 1105 805 1156 terret,
844 1098 1035 1145 viduus
1069 1095 1315 1158 pharetra

498 1166 641 1216 Risit
676 1166 879 1229 Apollo.

296 1236 432 1298 Quin
468 1241 520 1283 et
557 1235 790 1292 Atridas,
830 1234 957 1281 duce
993 1235 1059 1291 te,
1100 1229 1346 1293 superbos

295 1304 394 1352 Ilio
430 1303 575 1351 dives
614 1302 853 1350 Priamus
888 1300 1064 1347 relicto

297 1370 678 1432 Thessalosque
715 1370 863 1431 ignes
900 1373 950 1415 et
986 1366 1162 1428 iniqua
1201 1365 1382 1426 Trojae

504 1437 691 1486 Castra
728 1435 922 1484 fefellit.

298 1506 379 1554 Tu
412 1506 529 1568 pias
565 1505 718 1552 laetis
756 1504 956 1552 animas
991 1501 1200 1564 reponis

299 1573 536 1630 Sedibus,
576 1573 826 1635 virgaque
863 1571 1029 1618 levem
1067 1574 1267 1617 coerces

301 1640 478 1690 Aurea
514 1640 736 1697 turbam,
777 1637 974 1701 superis
1012 1637 1223 1684 deorum

505 1707 698 1756 Gratus
733 1711 785 1754 et
821 1706 949 1753 imis.

833 1867 951 1916 {fit

1587 138 1673 191 251

1604 1023 1662 1069 10

1606 1360 1665 1406 15

1605 1697 1667 1745 20

101 1962 183 2012 Tu
209 1978 272 2011 ne
298 1962 582 2026 quaesieris
611 1961 766 2026 (scire
793 1958 961 2020 nefas)
989 1972 1139 2021 quem
1164 1956 1306 2016 mihi,
1335 1971 1487 2019 quem
1511 1956 1606 2004 tibi

103 2030 286 2079 Finem
313 2029 363 2078 di
390 2030 639 2088 dederint,
669 2029 956 2084 Leuconoe,
986 2041 1078 2073 nec
1104 2024 1427 2086 Babylonios

104 2097 393 2161 Temptaris
420 2111 671 2145 numeros.
745 2095 821 2143 Ut
845 2094 1043 2153 melius,
1071 2091 1313 2155 quicquid
1340 2091 1450 2149 erit,
1477 2090 1600 2153 pati,

107 2165 209 2214 Seu
232 2164 406 2229 plures
434 2164 644 2222 hiemes,
674 2178 763 2211 seu
789 2162 973 2210 tribuit
1000 2160 1243 2224 Juppiter
1270 2159 1519 2218 ultimam,

106 2232 250 2294 Quae
276 2248 408 2281 nunc
435 2232 683 2297 oppositis
710 2232 943 2280 debilitat
967 2229 1256 2293 pumicibus
1284 2243 1421 2274 mare

107 2298 460 2364 Tyrrhenum!
536 2299 748 2363 Sapias:
787 2299 909 2346 vina
935 2299 1114 2361 liqueS,
1142 2302 1195 2345 et
1221 2295 1391 2359 spatio
1418 2293 1560 2341 brevi

1642 2226 1668 2273 5

110 2366 264 2431 Spem
289 2367 499 2430 longam
524 2381 735 2415 reseces
810 2367 948 2415 Dum
974 2366 1243 2428 loquimur,
1267 2363 1457 2425 fugerit
1484 2360 1659 2408 invida

109 2434 303 2483 Aetas:
341 2449 489 2497 carpe
516 2434 667 2493 diem,
696 2449 850 2497 quam

87 2557 97 2584 1

72 2594 199 2725 γῆ

321 2500 346 2533 l
440 2510 659 2565 '‘s“
811 2486 1255 2552 s-(Lajaee,

313 2553 393 2573 ς’
580 2573 584 2583 ¹

434 2580 441 2620 ²
805 2562 817 2604 ³
836 2600 963 2649 ΧΠ.

313 2689 477 2757 Quem
516 2678 682 2743 virum
720 2688 808 2742 aut
844 2694 1000 2742 heroa
1035 2693 1151 2756 lyra
1189 2692 1270 2740 vel
1309 2691 1412 2740 acri

312 2761 460 2809 Tibia
495 2763 656 2810 sumis
691 2762 959 2819 celebrare,
1000 2761 1125 2818 Clio,

289 2879 312 2915 6
332 2879 520 2915 nuncium
638 2879 659 2915 3
680 2878 849 2915 tentaris
1002 2879 1026 2914 4
1046 2878 1196 2914 tribuet
1326 2876 1347 2912 2
1369 2886 1499 2911 sume·

375 2961 395 3003 s

358 3004 527 3033 *⁵2⁴-

877 2433 1146 2491 minimum
1171 2431 1377 2501 credula
1401 2435 1618 2492 postero,
