1846 3034
147 106 151 109 ⁴
193 129 299 180 226
614 139 854 177 HORATI
897 139 1348 180 EPISTVLARVM

193 273 402 320 Sudoris
428 273 708 330 minimum,
738 273 823 319 sed
855 271 1007 319 habet
1032 273 1295 320 comoedia
1316 277 1462 320 tanto

190 340 316 387 Plus
338 340 503 386 oneris
523 346 713 401 quanto
734 341 909 386 veniae
934 339 1115 387 minus.
1189 340 1392 402 Aspice,
1415 341 1630 388 Plautus
1659 341 1752 393 170

192 408 304 467 Quo
329 413 476 469 pacto
494 412 675 468 *partes
701 411 896 453 tutetur
921 407 1142 453 amantis
1167 407 1364 469 ephebi,

191 473 265 520 Ut
290 474 448 535 patris
476 473 673 529 attenti,
703 473 899 519 lenonis
926 479 981 520 ut
1005 474 1266 535 insidiosi;

192 541 426 601 Quantus
454 541 520 587 sit
546 541 848 587 Dossennus
872 540 1114 587 edacibus
1139 541 1192 588 in
1215 542 1473 603 parasitis,

192 610 357 668 Quam
384 623 485 654 non
511 608 753 654 adstricto
779 612 1039 669 percurrat
1062 609 1259 670 pulpita
1284 623 1459 669 socco;

192 674 360 722 Gestit
378 675 514 721 enim
536 689 800 721 nummum
821 674 873 720 in
894 674 1086 722 loculos
1106 675 1382 735 demittere,
1400 680 1519 739 post
1538 675 1632 722 hoc
1660 676 1752 726 175

191 741 407 788 Securus
433 742 583 788 cadat
610 757 673 788 an
699 746 836 788 recto
863 746 965 788 stet
990 742 1163 789 fabula
1187 743 1304 791 talo.

190 809 352 869 Quem
376 809 495 856 tulit
521 809 585 855 ad
613 823 850 855 scaenam
876 815 1090 855 ventoso
1117 809 1290 857 Gloria
1313 823 1475 869 curru,

190 874 464 922 Exanimat
489 875 658 922 lentus
686 880 957 936 spectator,
986 876 1193 923 sedulus
1218 876 1388 925 inflat:

193 941 277 990 Sic
302 943 424 1000 leve,
451 943 523 990 sic
547 957 760 1005 parvum
786 947 880 998 est,
908 942 1133 989 animum
1159 944 1294 1005 quod
1319 943 1484 990 laudis
1510 958 1719 991 avarum

191 1008 400 1056 Subruit
426 1015 513 1057 aut
538 1010 706 1056 reficit.
783 1008 974 1056 Valeat
997 1024 1079 1056 res
1103 1009 1309 1068 ludicra,
1337 1010 1381 1058 si
1406 1025 1486 1057 me
1659 1012 1751 1057 180

190 1076 370 1123 Palma
395 1082 583 1138 negata
609 1091 850 1134 macrum,
878 1076 1068 1123 donata
1092 1077 1286 1124 reducit
1311 1078 1549 1140 opimum.

192 1142 354 1205 Saepe
379 1144 531 1190 etiam
560 1144 802 1190 audacem
828 1144 976 1204 fugat
1000 1143 1096 1190 hoc
1118 1149 1372 1206 terretque
1395 1147 1608 1205 poetam,

192 1210 341 1270 Quod
365 1225 572 1257 numero
598 1211 785 1272 plures,
812 1211 1004 1258 virtute
1030 1215 1082 1257 et
1106 1209 1292 1258 honore
1317 1211 1550 1270 minores,

189 1277 389 1324 Indocti
415 1278 704 1339 stolidique,
732 1283 784 1324 et
808 1278 1103 1340 depugnare
1126 1278 1291 1340 parati

191 1343 244 1392 Si
270 1344 523 1391 discordet
548 1359 717 1406 eques,
745 1345 916 1392 media
939 1345 1072 1391 inter
1094 1345 1320 1391 carmina
1343 1349 1561 1406 poscunt
1656 1346 1748 1392 185

190 1411 301 1458 Aut
325 1426 500 1458 ursum
527 1418 615 1458 aut
640 1411 868 1473 pugiles:
907 1411 987 1458 his
1013 1426 1131 1458 nam
1154 1412 1417 1475 plebecula
1443 1412 1649 1473 gaudet.

191 1478 386 1526 Verum
410 1478 596 1540 equitis
623 1493 822 1540 quoque
839 1480 948 1539 jam
974 1479 1214 1539 migravit
1239 1479 1302 1525 ab
1328 1493 1446 1526 aure
1475 1479 1710 1540 voluptas

192 1544 373 1593 Omnis
399 1546 463 1592 ad
490 1545 710 1592 incertos
737 1545 909 1592 oculos
933 1550 985 1592 et
1008 1546 1200 1607 gaudia
1225 1561 1372 1593 vana.

194 1612 451 1673 Quattuor
475 1617 564 1659 aut
588 1612 758 1674 plures
786 1612 966 1659 aulaea
987 1617 1283 1675 premuntur
1305 1612 1357 1659 in
1382 1612 1548 1669 horas,

193 1679 331 1725 Dum
350 1679 554 1740 fugiunt
574 1679 799 1741 equitum
822 1685 1020 1726 turmae
1037 1679 1360 1742 peditumque
1377 1684 1636 1741 catervae3
1657 1679 1752 1727 190

192 1745 317 1793 Mox
340 1746 562 1792 trahitur
588 1746 821 1792 manibus
848 1747 1027 1807 regum
1053 1746 1256 1794 fortuna
1280 1747 1500 1804 retortis,

192 1812 392 1860 Esseda
416 1812 673 1871 festinant,
701 1813 910 1875 pilenta,
937 1813 1193 1876 petorrita,
1221 1827 1392 1871 naves,

195 1879 470 1942 Captivum
493 1886 725 1942 portatur
750 1880 888 1938 ebur,
916 1880 1121 1941 captiva
1147 1879 1438 1928 Corinthus

194 1945 251 1994 Si
278 1947 405 1994 foret
428 1947 481 1993 in
506 1947 666 2004 terris,
695 1947 880 1994 rideret
904 1946 1240 2005 Democritus,
1267 1961 1359 1993 seu

192 2012 466 2060 Diversum
491 2014 703 2060 confusa
729 2028 891 2075 genus
917 2014 1166 2075 panthera
1189 2013 1394 2073 camelo,
1661 2014 1752 2059 195

193 2078 312 2127 Sive
337 2080 543 2141 elephas
569 2080 714 2127 albus
740 2080 881 2142 volgi
907 2085 1220 2127 converteret
1244 2095 1362 2141 ora3

192 2145 453 2207 Spectaret
476 2147 720 2209 populum
747 2147 885 2194 ludis
911 2147 1156 2194 attentius
1180 2147 1318 2208 ipsis,

192 2212 268 2260 Ut
291 2213 386 2259 sibi
410 2214 734 2276 praebentem
761 2215 914 2260 mimo
941 2214 1227 2276 spectacula
1250 2214 1396 2275 plura
1416 2230 1430 2275 ;

192 2278 472 2342 Scriptores
499 2286 670 2326 autem
698 2295 899 2327 narrare
924 2287 1129 2343 putaret
1154 2281 1308 2328 asello

191 2345 454 2393 Fabellam
482 2347 648 2394 surdo.
724 2347 860 2394 Nam
885 2363 1014 2409 quae
1038 2348 1326 2410 pervincere
1352 2361 1502 2394 voces
1657 2348 1752 2394 200

190 2412 441 2460 Evaluere
469 2428 665 2471 sonum,
694 2415 917 2461 referunt
943 2430 1090 2476 quem
1118 2420 1292 2460 nostra
1314 2410 1550 2460 theatra?

191 2479 489 2541 Garganum
518 2480 716 2541 mugire
744 2487 893 2542 putes
919 2496 1098 2528 nemus
1125 2486 1215 2527 aut
1238 2496 1374 2527 mare
1402 2480 1638 2538 Tuscum,

190 2546 356 2593 Tanto
382 2561 496 2593 cum
525 2547 741 2609 strepitu
767 2548 871 2594 ludi
899 2554 1194 2609 spectantur
1218 2554 1269 2594 et
1293 2552 1428 2594 artes

189 2612 516 2675 Divitiaeque
544 2614 856 2674 peregrinae,
885 2614 1066 2676 quibus
1092 2615 1279 2661 oblitus
1305 2619 1443 2660 actor

190 2678 320 2726 Cum
349 2680 495 2726 stetit
521 2680 574 2725 in
601 2694 797 2737 scaena,
826 2681 1076 2727 concurrit
1101 2680 1311 2727 dextera
1335 2680 1524 2727 laevae.
1656 2679 1751 2725 205

190 2745 332 2793 Dixit
357 2746 522 2793 adhuc
542 2745 772 2808 aliquid?
812 2746 947 2793 “Nil
971 2749 1141 2794 sane.''
1214 2747 1348 2808 Quid
1372 2747 1537 2809 placet
1561 2759 1682 2806 ergo
1703 2743 1723 2792 ?

237 2843 308 2881 175
329 2845 530 2881 dimittere
618 2843 690 2881 178
710 2844 837 2880 instat
915 2845 988 2880 186
1006 2845 1184 2892 plaudet,
1206 2845 1366 2893 plaudit
1444 2844 1516 2881 1⁹6
1533 2844 1726 2894 elephans

878 2908 948 2943 198
968 2908 1093 2943 nimio
