1878 3054
230 165 301 218 86
703 180 944 219 Horum
989 175 1335 222 oARu'm'VM

367 310 476 358 Dos
500 316 581 358 est
605 312 792 374 magna
816 313 1104 374 parentium

433 377 618 425 Virtus
643 383 696 426 et
718 383 950 427 metuens
977 380 1184 430 alterius
1209 383 1307 430 viri

367 442 518 492 Certo
544 444 741 492 foedere
769 447 998 506 castitas,

432 511 502 558 Et
523 527 728 574 peccare
756 513 911 572 nefas,
939 518 1028 561 aut
1050 516 1271 577 pretium
1295 521 1375 565 est
1398 519 1540 567 mori.

367 576 412 625 O
437 578 669 640 quisquis
695 579 870 626 volet
857 581 1041 642 impias
1110 620 1115 627 .

434 645 628 693 Caedes
652 651 704 693 et
729 647 924 694 rabiem
949 648 1124 696 tollere
1151 649 1381 709 civicam,

369 709 425 759 Si
452 717 659 774 quaeret
684 726 858 760 PATER
882 727 1103 763 VRBIVM

437 778 696 827 Subscribi
725 781 925 839 statuis,
953 782 1254 831 indomitam
1279 749 1465 833 audeat
1518 839 1525 842 b

365 845 642 894 Refrenare
669 847 944 907 licentiam,

435 912 616 961 Clarus
639 916 974 976 postgenitis:
1012 921 1262 978 quatenus
1288 918 1413 982 (heu
1438 916 1579 968 nefas
1596 918 1648 985 l)

364 977 623 1028 Virtutem
651 981 955 1029 incolumem
982 984 1195 1042 odimus,

433 1046 696 1095 Sublatam
722 1062 784 1095 ex
811 1049 969 1096 oculis
995 1051 1302 1112 quaerimus,
1328 1014 1502 1102 invidi.

369 1114 503 1174 Quid
528 1115 702 1163 tristes
728 1116 1086 1178 querimoniae,

436 1180 490 1229 Si
517 1196 618 1229 non
644 1182 896 1259 supplicio
923 1183 1072 1245 culpa
1096 1183 1370 1233 reciditur?

367 1247 499 1309 Quid
524 1248 663 1310 leges
690 1250 798 1296 sine
826 1250 1051 1298 moribus

432 1315 613 1363 Vanae
638 1316 920 1379 proficiunt,
950 1317 993 1364 si
1020 1332 1183 1380 neque
1207 1318 1419 1367 fervidis

367 1378 494 1429 Pars
519 1382 714 1431 inclusa
739 1383 991 1431 caloribus

431 1448 611 1497 Mundi
639 1465 729 1497 nec
757 1450 951 1498 Boreae
976 1450 1246 1499 finitimum
1270 1452 1407 1501 latus

363 1510 688 1580 Durataeque
716 1517 823 1564 solo
850 1518 995 1565 nives

429 1580 767 1631 Mercatorem
796 1585 1025 1647 abigunt,
1053 1585 1258 1634 horrida
1281 1587 1451 1635 callidi

365 1647 595 1698 Vincunt
619 1666 842 1714 aequora
866 1652 1087 1711 navitae,

432 1716 684 1779 Magnum
708 1719 979 1781 pauperies
1004 1719 1330 1782 opprobrium
1346 1721 1496 1782 jubet

366 1783 584 1844 Quidvis
608 1789 660 1832 et
685 1785 847 1833 facere
874 1790 926 1833 et
953 1787 1070 1849 pati,

433 1848 758 1914 Virtutisque
786 1853 925 1899 viam
951 1853 1140 1901 deserit
1165 1853 1391 1902 arduae?

284 1943 288 1947 .
364 1915 465 1964 Vel
489 1932 582 1965 nos
607 1919 659 1966 in
688 1919 1013 1981 Capitolium,

434 1984 546 2044 Quo
573 1985 763 2032 clamor
789 1991 940 2034 vocat
962 1991 1014 2034 et
1038 1987 1190 2035 turba
1212 1988 1512 2048 faventium,

365 2049 466 2098 Vel
501 2066 594 2098 nos
631 2052 683 2099 in
722 2067 860 2099 mare
894 2054 1183 2114 proximum

433 2116 672 2165 Gemmas
698 2123 750 2165 et
776 2119 969 2181 lapides
995 2134 1174 2167 aurum
1199 2124 1252 2167 et
1277 2121 1470 2201 inutile,
1529 2146 1532 2149 *
1604 2136 1608 2141 ·
1657 2128 1662 2131 ’

368 2181 565 2231 Summi
601 2185 867 2232 materiem
904 2186 1041 2245 mali,

431 2250 718 2309 Mittamus,
750 2253 994 2299 scelerum
1019 2253 1064 2300 si
1086 2253 1213 2301 bene
1236 2255 1478 2317 paenitet.

365 2316 637 2365 Eradenda
675 2319 931 2382 cupidinis

432 2383 587 2431 Pravi
613 2390 734 2432 sunt
760 2386 1023 2446 elementa,
1051 2391 1103 2434 et
1126 2391 1329 2434 tenerae
1355 2388 1509 2438 nimis

364 2449 568 2498 Mentes
605 2453 949 2514 asperioribus

432 2517 752 2565 Formandae
781 2520 978 2567 studiis.
1051 2519 1234 2568 Nescit
1256 2535 1387 2583 equo
1411 2522 1553 2570 rudis

367 2583 590 2632 Haerere
628 2586 879 2648 ingenuus
914 2601 1053 2648 puer,

430 2651 719 2714 Venarique
746 2652 907 2712 timet,
937 2653 1108 2700 ludere
1134 2644 1341 2714 doctior,

1722 581 1784 628 25

1723 907 1869 961 30‘

1723 1247 1786 1294 35

1644 1633 1659 1640 ⁷.
1725 1579 1788 1626 40

1657 1892 1664 1996 ’γ
1723 1933 1786 1979 45

1655 2261 1790 2310 350

1662 2570 1790 2642 ‘55

281 2798 331 2834 24
347 2798 522 2847 pretium
541 2799 676 2845 emori,
696 2800 870 2849 pretium
889 2800 990 2836 mori
1060 2801 1107 2837 26
1127 2803 1197 2837 aut
1265 2799 1314 2838 2⁷
1333 2802 1490 2850 quaerit
1559 2781 1738 2840 30'c'a’rus
1762 2802 1769 2806 ’

418 2850 465 2884 49
486 2850 693 2885 materiam
773 2851 819 2885 52
837 2862 966 2899 prava
1045 2852 1094 2886 54
1111 2852 1330 2887 firmandae
1350 2865 1368 2886 e
1387 2853 1607 2888 coniectura
