1878 3054
778 134 901 174 ms.
941 136 981 174 1.
1026 123 1130 174 3-5
1671 126 1736 179 21

912 343 1010 392 IV.

176 463 406 513 Solvitur
429 463 559 512 acris
584 462 785 526 hiemps
811 466 962 525 grata
986 462 1096 510 vice
1121 463 1258 511 veris
1283 468 1335 511 et
1359 463 1574 525 Favoni,

310 530 647 593 Trahuntque
685 530 847 578 siccas
873 529 1140 577 machinae
1166 531 1382 589 carinas,

177 597 257 646 Ac
282 613 443 661 neque
461 599 569 660 jam
596 597 812 645 stabulis
839 597 1031 658 gaudet
1055 613 1212 660 pecus
1241 603 1331 645 aut
1356 604 1526 647 arator
1551 599 1676 662 igni,

308 665 419 715 Ner-
451 670 601 729 prata
636 665 778 712 canis
817 665 1041 712 albicant
1076 665 1285 728 pruinis.

176 732 211 781 J
214 748 298 780 am
325 732 584 797 Cytherea
607 732 789 780 choros
816 732 957 780 ducit
983 732 1164 780 Venus
1190 733 1486 782 imminente
1513 734 1678 795 Luna,
1715 737 1746 787 ὃ

310 801 631 863 Junctaeque
668 799 930 863 Nymphis
970 799 1178 849 Gratiae
1216 801 1454 849 decentes

176 867 392 917 Alterno
417 873 606 915 terram
631 867 870 931 quatiunt
895 868 1038 931 pede,
1067 868 1189 916 dum
1214 884 1399 931 graves
1428 869 1712 934 Cyclopum

310 935 573 984 Volcanus
609 936 792 983 ardens
830 936 934 983 urit
970 935 1205 984 officinas.

177 1001 326 1054 Nunc
351 1004 496 1052 decet
521 1008 610 1051 aut
636 1003 787 1051 viridi
813 1003 1034 1051 nitidum
1061 1009 1215 1068 caput
1238 1004 1482 1067 impedire
1508 1010 1692 1068 myrto,

309 1070 422 1120 Aut
457 1070 590 1131 flore,
629 1076 794 1119 terrae
833 1087 983 1134 quem
1023 1072 1192 1120 ferunt
1228 1073 1462 1135 solutae3
1681 1078 1741 1124 10

178 1137 327 1186 Nunc
350 1145 402 1187 et
425 1139 479 1186 in
503 1139 756 1186 umbrosis
782 1139 963 1187 Fauno
991 1140 1135 1187 decet
1161 1140 1423 1187 immolare
1449 1140 1594 1199 lucis,

310 1205 411 1254 Seu
447 1211 626 1270 poscat
662 1222 797 1269 agna
834 1207 943 1254 sive
981 1207 1129 1256 malit
1165 1207 1342 1256 haedo.

178 1271 379 1325 Pallida
402 1274 546 1322 Mors
571 1289 732 1337 aequo
756 1274 931 1337 pulsat
954 1275 1083 1338 pede
1108 1291 1394 1338 pauperum
1419 1275 1660 1323 tabernas

309 1341 615 1404 Regumque
651 1347 831 1390 turres.
907 1341 950 1390 Ο
988 1343 1136 1390 beate
1177 1343 1326 1401 Sesti,

178 1409 331 1457 Vitae
348 1423 549 1457 summa
564 1409 734 1457 brevis
751 1424 893 1473 spem
910 1424 1004 1457 nos
1021 1415 1165 1458 vetat
1179 1410 1418 1458 inchoare
1434 1411 1657 1472 longam.
1682 1413 1741 1460 15

306 1476 429 1525 Jam
463 1482 515 1524 te
550 1482 747 1540 premet
782 1492 884 1525 nox
918 1477 1221 1541 fabulaeque
1258 1477 1440 1526 Manes

176 1542 246 1595 Et
270 1543 454 1593 domus
476 1544 627 1592 exilis
654 1543 926 1592 Plutonia:
963 1560 1064 1608 quo
1090 1545 1243 1593 simul
1269 1545 1472 1605 mearis,

307 1605 424 1655 Non
442 1620 600 1669 regna
625 1606 727 1654 vini
756 1606 967 1656 sortiere
993 1607 1127 1656 talis,

932 1803 995 1854 V.

316 1917 445 1979 Quis
481 1916 647 1966 multa
681 1918 887 1980 gracilis
924 1924 973 1967 te
1010 1935 1134 1982 puer
1168 1921 1222 1968 in
1256 1935 1374 1970 rosa

314 1984 562 2032 Perfusus
598 1984 805 2048 liquidis
841 1992 992 2049 urget
1028 1988 1282 2049 odoribuS,

448 2051 621 2110 GratO,
663 2052 879 2116 Pyrrha,
918 2054 1012 2101 sub
1050 2055 1235 2104 antro?

514 2119 609 2168 Cui
647 2119 830 2168 flavam
870 2122 1059 2183 religas
1098 2138 1306 2182 comam,

315 2185 543 2249 Simplex
579 2187 885 2236 munditiis?
959 2189 1079 2237 Heu
1116 2191 1352 2253 quotiens
1389 2191 1538 2241 fidem
1718 2194 1749 2242 5

310 2252 642 2317 Mutatosque
680 2255 802 2303 deos
840 2255 992 2316 flebit,
1030 2262 1083 2306 et
1119 2273 1300 2320 aspera

444 2320 623 2383 Nigris
662 2338 881 2385 aequora
919 2324 1085 2373 ventis

508 2388 828 2438 Emirabitur
864 2391 1103 2452 insolens,

309 2455 410 2517 Qui
447 2471 581 2505 nunc
615 2461 665 2505 te
703 2458 888 2506 fruitur
924 2460 1158 2508 credulus
1196 2476 1362 2519 aurea,

310 2523 410 2584 Qui
446 2539 646 2589 semper
682 2542 911 2585 vacuam,
951 2541 1149 2591 semper
1185 2530 1452 2577 amabilem
1689 2528 1746 2576 10

445 2591 640 2656 Sperat,
680 2595 882 2643 nescius
920 2609 1072 2643 aurae

507 2659 760 2710 Fallacisl
832 2662 1024 2721 Miseri,
1064 2662 1250 2726 quibus

277 2798 295 2836 l
317 2799 445 2838 hiems
676 2803 698 2839 8
718 2801 924 2839 Vulcanus
1095 2805 1116 2841 8
1137 2806 1233 2842 visit
1414 2807 1460 2843 12
1480 2817 1627 2854 agnam

275 2851 322 2887 12
341 2850 512 2888 haedum
677 2851 724 2886 18
746 2851 793 2887 G.
1091 2855 1113 2890 2
1133 2860 1276 2902 urguet
1432 2861 1452 2895 ὅ
1473 2860 1628 2909 quoties
