1878 3054
201 175 303 225 142
653 186 893 226 HossA'rI
931 185 1303 227 ‘SATIRARVM

197 319 442 381 Tempore
469 333 589 365 num
616 319 805 366 faciant
830 319 1006 367 alien0.
1081 319 1355 367 “Laedere
1376 320 1628 382 ‘gaudes,'’

195 386 387 447 Inquis,
418 390 514 432 “et
542 385 634 432 hoc
661 387 831 433 studio
857 401 1046 448 pravus
1072 386 1244 433 facis.''
1317 385 1466 434 Unde
1491 388 1708 450 petitum

197 452 311 499 Hoc
335 452 386 498 in
413 467 491 499 me
521 451 690 513 jacis?
765 453 862 499 Est
888 458 1063 500 auctor
1090 453 1205 515 quis
1231 453 1447 516 denique
1473 469 1647 501 eorum
1694 455 1755 500 80

195 519 315 566 Vixi
342 534 452 566 cum
481 518 700 580 quibus?
774 519 1059 566 Absentem
1084 520 1169 582 qui
1195 520 1330 567 rodit
1355 521 1586 580 amicum,

198 586 298 647 Qui
323 601 424 632 non
449 586 687 643 defendit,
720 586 817 632 alio
845 586 1093 648 culpante,
1121 586 1315 634 solutos

197 653 297 713 Qui
323 657 494 715 captat
520 653 652 700 risus
679 652 946 700 hominum
972 653 1258 716 famamque
1283 653 1485 713 dicaciS,

196 719 417 781 Fingere
443 719 530 782 qui
555 733 656 766 non
682 719 797 767 visa
821 724 1005 782 potest,
1033 721 1303 768 commissa
1325 725 1491 769 tacere

197 787 295 847 Qui
317 787 504 853 nequit,
526 786 607 833 hic
627 786 773 848 niger
794 791 886 844 est,
910 787 1044 834 hunc
1062 792 1133 844 tu,
1156 787 1404 850 Romane,
1427 791 1618 836 caveto.
1696 787 1758 834 85

198 852 357 915 Saepe
382 853 545 900 tribus
569 853 716 901 lectis
744 853 924 901 videas
949 868 1127 902 cenare
1152 859 1438 916 quaternos,

196 919 239 966 Ε
266 920 448 982 quibus
473 935 602 967 unus
630 925 766 968 amet
793 921 978 983 quavis
1005 935 1272 984 aspergere
1298 926 1508 970 cunctos

196 987 406 1034 Praeter
416 1002 530 1034 eum
544 987 629 1049 qui
647 987 858 1049 praebet
876 1003 1059 1050 aquam
1075 1005 1086 1049 ;
1101 992 1218 1051 post
1233 987 1365 1035 hunc
1376 1003 1574 1051 quoque
1583 991 1752 1051 potue,

197 1053 418 1102 Condita
442 1068 555 1101 cum
581 1069 738 1101 verax
764 1055 928 1117 aperit
952 1055 1248 1117 praecordia
1272 1055 1437 1104 Liber.

199 1121 300 1168 Hic
326 1121 418 1167 tibi
443 1121 600 1168 comis
625 1125 675 1168 et
702 1121 930 1169 urbanus
956 1122 1179 1184 liberque
1204 1121 1419 1182 videtur,
1696 1120 1757 1167 90

196 1187 392 1235 Infesto
417 1188 592 1249 nigris
668 1188 782 1250 Ego
809 1189 852 1236 si
879 1189 982 1248 risi,
1011 1189 1146 1251 quod
1170 1188 1378 1251 ineptus

198 1254 439 1302 Pastillos
467 1255 686 1302 Rufillus
713 1256 830 1314 olet,
862 1256 1151 1318 Gargonius
1177 1255 1386 1315 hircum,

196 1321 413 1369 Lividus
439 1326 490 1368 et
516 1322 725 1368 mordax
753 1323 929 1370 videor
953 1321 1082 1370 tibi?
1153 1322 1350 1371 Mentio
1376 1322 1419 1370 si
1444 1337 1546 1386 qua

197 1388 274 1435 De
303 1388 576 1451 Capitolini
602 1389 753 1436 furtis
780 1389 967 1450 injecta
994 1389 1166 1436 Petilli

197 1454 268 1502 Te
295 1470 463 1502 eoram
489 1455 652 1514 fuerit,
681 1456 942 1515 defendaS,
971 1461 1030 1504 ut
1053 1461 1173 1504 tuus
1197 1460 1278 1504 est
1301 1471 1442 1504 mos:
1701 1452 1762 1499 95

198 1527 224 1546 ‘⁴
244 1521 327 1568 Me
356 1522 679 1584 Capitolinus
707 1523 999 1571 convictore
1025 1538 1149 1570 usus
1175 1523 1436 1585 amicoque

197 1588 247 1636 A
272 1603 425 1650 puero
451 1594 542 1647 est,
571 1604 824 1652 causaque
853 1606 967 1637 mea
990 1590 1242 1652 permulta
1265 1594 1476 1652 rogatus

197 1654 356 1713 Fecit,
380 1655 728 1735 ffncolumis
757 1657 920 1704 laetor
945 1657 1081 1719 quod
1106 1656 1238 1704 vivit
1260 1657 1313 1704 in
1337 1657 1488 1717 urbe3

200 1721 300 1770 Sed
323 1727 496 1770 tamen
522 1723 755 1780 admiror,
786 1739 885 1786 quo
910 1728 1061 1787 pacto
1089 1723 1338 1784 judicium
1362 1723 1487 1771 illud

198 1788 460 1851 Fuge1·i.t.''
531 1789 633 1837 Hic
659 1790 839 1851 nigrae
868 1805 1019 1838 sucus
1043 1790 1302 1852 lolliginis,
1329 1790 1452 1838 haec
1476 1793 1556 1837 est
1674 1785 1766 1831 100

197 1855 406 1918 Aerugo
431 1871 583 1903 mera.
659 1857 809 1917 Quod
838 1858 1020 1905 vitium
1044 1857 1219 1919 procul
1245 1858 1380 1905 afore
1406 1857 1610 1915 chartis,
1750 1868 1753 1871 ’

198 1922 371 1984 Atque
398 1923 568 1970 animo
594 1924 747 1986 prius,
781 1930 835 1972 ut
863 1924 905 1971 si
932 1925 1054 1988 quid
1078 1925 1372 1988 promittere
1398 1924 1459 1971 de
1486 1938 1565 1970 me

199 1989 418 2036 Possum
444 1990 598 2047 aliud,
629 2005 743 2037 vere
771 1991 1028 2053 promittO.
1103 1991 1338 2038 Liberius
1362 1991 1405 2038 si

198 2056 386 2103 Dixero
412 2057 549 2117 quid,
579 2057 622 2103 si
650 2057 778 2104 forte
809 2059 1049 2119 jocosius,
1077 2058 1172 2106 hoc
1198 2058 1322 2105 mihi
1351 2058 1481 2119 juris

201 2121 330 2170 Cum
358 2123 504 2169 venia
529 2123 707 2171 dabis:
747 2124 974 2172 insuevit
997 2130 1143 2187 pater
1169 2125 1391 2188 optimus
1417 2124 1511 2171 hoc
1535 2138 1631 2182 me,
1676 2116 1769 2163 105

199 2187 274 2236 Ut
299 2189 526 2250 fugerem
553 2191 798 2252 exemplis
826 2192 1066 2238 vitiorum
1095 2207 1322 2254 quaeque
1347 2190 1586 2239 notando.

201 2255 330 2303 Cum
356 2271 434 2302 me
461 2255 763 2314 hortaretur,
793 2273 956 2319 parce,
985 2258 1250 2319 frugaliter
1275 2263 1425 2320 atque

201 2322 444 2369 Viverem
470 2323 544 2369 uti
569 2329 841 2371 contentus
867 2340 927 2372 eo
953 2326 1088 2387 quod
1113 2325 1182 2371 mi
1209 2325 1318 2386 ipse
1342 2326 1597 2386 parasset:

201 2388 428 2436 “Nonne
457 2389 601 2436 vides
629 2390 751 2437 Albi
778 2396 835 2437 ut
861 2392 993 2438 male
1020 2392 1164 2439 vivat
1189 2391 1319 2438 filius
1343 2395 1500 2452 utque

199 2455 358 2502 Baius
370 2455 545 2518 inops?
589 2456 840 2519 Magnum
855 2459 1210 2505 documentum
1226 2473 1287 2504 ne
1302 2458 1520 2519 patriam
1535 2471 1641 2503 rem
1680 2451 1704 2496 l
1715 2450 1773 2496 10

201 2521 417 2569 Perdere
445 2523 558 2584 quis
585 2524 760 2570 velit.''
830 2525 880 2571 A
908 2525 1042 2587 turpi
1068 2524 1346 2572 meretricis
1371 2538 1539 2571 amore

203 2587 332 2635 Cum
357 2589 659 2637 deterreret:
702 2595 727 2614 ‘⁴
751 2589 954 2638 Scetani
980 2591 1241 2639 dissimilis
1267 2591 1388 2638 sis.''

201 2653 280 2702 Ne
308 2669 541 2717 sequerer
565 2657 817 2716 moechaS,
845 2673 1084 2706 concessa
1107 2673 1222 2706 cum
1247 2671 1429 2705 venere
1453 2656 1529 2703 uti

254 2780 300 2819 '79
320 2782 453 2831 inquit
531 2784 577 2819 86
597 2795 764 2820 caenare
843 2784 890 2822 87
911 2785 1013 2821 imus
1103 2786 1149 2823 87
1169 2789 1262 2822 avet
1281 2791 1313 2823 Ω
1400 2785 1447 2822 87
1467 2785 1708 2833 adspergere

305 2833 375 2867 100
396 2845 535 2869 succus
615 2835 685 2869 100
705 2835 884 2881 loliginis
916 2837 1174 2921 11{Ozzatque
1253 2837 1324 2870 110
1345 2835 1507 2880 Barrus,
1527 2834 1655 2869 Barus
