<?xml version="1.0" encoding="UTF-8"?>
<!DOCTYPE html PUBLIC "-//W3C//DTD XHTML 1.0 Transitional//EN"
    "http://www.w3.org/TR/xhtml1/DTD/xhtml1-transitional.dtd">
<html xmlns="http://www.w3.org/1999/xhtml" xml:lang="en" lang="en">
 <head>
  <title>
</title>
<meta http-equiv="Content-Type" content="text/html;charset=utf-8" />
  <meta name='ocr-system' content='tesseract 3.04.00' />
  <meta name='ocr-capabilities' content='ocr_page ocr_carea ocr_par ocr_line ocrx_word'/>
</head>
<body>
  <div class='ocr_page' id='page_1' title='image "./workschase00horauoft_0103.png"; bbox 0 0 1878 3054; ppageno 0'>
   <div class='ocr_carea' id='block_1_1' title="bbox 651 139 1643 204">
    <p class='ocr_par' dir='ltr' id='par_1_1' title="bbox 651 139 1643 204">
     <span class='ocr_line' id='line_1_1' title="bbox 651 139 1643 204; baseline 0.013 -15"><span class='ocrx_word' id='word_1_1' title='bbox 651 150 775 190; x_wconf 76' lang='lat' dir='ltr'>Lm.</span> <span class='ocrx_word' id='word_1_2' title='bbox 815 151 904 192; x_wconf 91' lang='lat' dir='ltr'>1v.</span> <span class='ocrx_word' id='word_1_3' title='bbox 942 139 990 204; x_wconf 91' lang='lat'>4,</span> <span class='ocrx_word' id='word_1_4' title='bbox 1019 139 1053 191; x_wconf 91' lang='lat'>5</span> <span class='ocrx_word' id='word_1_5' title='bbox 1550 148 1643 202; x_wconf 88' lang='lat'>-99</span> 
     </span>
    </p>
   </div>
   <div class='ocr_carea' id='block_1_2' title="bbox 271 283 1636 2174">
    <p class='ocr_par' dir='ltr' id='par_1_2' title="bbox 271 283 1636 2174">
     <span class='ocr_line' id='line_1_2' title="bbox 273 283 1321 348; baseline 0.001 -14"><span class='ocrx_word' id='word_1_6' title='bbox 273 284 519 348; x_wconf 82' lang='lat' dir='ltr'><strong>Dixitque</strong></span> <span class='ocrx_word' id='word_1_7' title='bbox 542 283 753 332; x_wconf 85' lang='lat' dir='ltr'>tandem</span> <span class='ocrx_word' id='word_1_8' title='bbox 778 284 1001 346; x_wconf 86' lang='lat' dir='ltr'>perfidus</span> <span class='ocrx_word' id='word_1_9' title='bbox 1029 285 1321 336; x_wconf 84' lang='lat' dir='ltr'>Hannibal:</span> 
     </span>
     <span class='ocr_line' id='line_1_3' title="bbox 274 351 1636 416; baseline 0.004 -15"><span class='ocrx_word' id='word_1_10' title='bbox 274 356 304 378; x_wconf 79' lang='lat'>‘⁴</span> <span class='ocrx_word' id='word_1_11' title='bbox 323 351 490 411; x_wconf 85' lang='lat' dir='ltr'>Cervi,</span> <span class='ocrx_word' id='word_1_12' title='bbox 517 351 754 414; x_wconf 90' lang='lat' dir='ltr'>luporum</span> <span class='ocrx_word' id='word_1_13' title='bbox 779 352 969 414; x_wconf 85' lang='lat' dir='ltr'>praeda</span> <span class='ocrx_word' id='word_1_14' title='bbox 994 354 1270 416; x_wconf 87' lang='lat' dir='ltr'><strong>rapacium,</strong></span> <span class='ocrx_word' id='word_1_15' title='bbox 1574 360 1636 406; x_wconf 84' lang='lat'>50</span> 
     </span>
     <span class='ocr_line' id='line_1_4' title="bbox 341 418 1148 483; baseline 0 -14"><span class='ocrx_word' id='word_1_16' title='bbox 341 419 611 469; x_wconf 89' lang='lat' dir='ltr'>Sectamur</span> <span class='ocrx_word' id='word_1_17' title='bbox 633 418 766 467; x_wconf 86' lang='lat' dir='ltr'>ultro</span> <span class='ocrx_word' id='word_1_18' title='bbox 792 434 920 481; x_wconf 92' lang='lat' dir='ltr'>quos</span> <span class='ocrx_word' id='word_1_19' title='bbox 946 419 1148 483; x_wconf 90' lang='lat' dir='ltr'>opimus</span> 
     </span>
     <span class='ocr_line' id='line_1_5' title="bbox 363 485 1363 553; baseline 0.004 -18"><span class='ocrx_word' id='word_1_20' title='bbox 363 490 368 493; x_wconf 70' lang='grc'><strong>’</strong></span> <span class='ocrx_word' id='word_1_21' title='bbox 409 486 607 535; x_wconf 77' lang='lat' dir='ltr'>Fallere</span> <span class='ocrx_word' id='word_1_22' title='bbox 630 490 684 534; x_wconf 91' lang='lat' dir='ltr'>et</span> <span class='ocrx_word' id='word_1_23' title='bbox 707 485 927 548; x_wconf 87' lang='lat' dir='ltr'>effugere</span> <span class='ocrx_word' id='word_1_24' title='bbox 953 492 1034 535; x_wconf 89' lang='lat' dir='ltr'>est</span> <span class='ocrx_word' id='word_1_25' title='bbox 1057 489 1363 553; x_wconf 77' lang='lat' dir='ltr'>triumphus·</span> 
     </span>
     <span class='ocr_line' id='line_1_6' title="bbox 274 553 1223 618; baseline 0.002 -15"><span class='ocrx_word' id='word_1_26' title='bbox 274 553 429 614; x_wconf 82' lang='lat' dir='ltr'>Gens,</span> <span class='ocrx_word' id='word_1_27' title='bbox 456 569 587 618; x_wconf 90' lang='lat' dir='ltr'>quae</span> <span class='ocrx_word' id='word_1_28' title='bbox 612 563 837 602; x_wconf 88' lang='lat' dir='ltr'>cremato</span> <span class='ocrx_word' id='word_1_29' title='bbox 865 554 1011 602; x_wconf 88' lang='lat' dir='ltr'>fortis</span> <span class='ocrx_word' id='word_1_30' title='bbox 1037 556 1100 603; x_wconf 92' lang='lat' dir='ltr'>ab</span> <span class='ocrx_word' id='word_1_31' title='bbox 1126 556 1223 605; x_wconf 89' lang='lat' dir='ltr'>Ilio</span> 
     </span>
     <span class='ocr_line' id='line_1_7' title="bbox 272 621 1203 684; baseline 0.001 -13"><span class='ocrx_word' id='word_1_32' title='bbox 272 621 311 671; x_wconf 85' lang='lat' dir='ltr'>J</span> <span class='ocrx_word' id='word_1_33' title='bbox 313 627 486 671; x_wconf 88' lang='lat' dir='ltr'>actata</span> <span class='ocrx_word' id='word_1_34' title='bbox 510 621 693 670; x_wconf 85' lang='lat' dir='ltr'>Tuscis</span> <span class='ocrx_word' id='word_1_35' title='bbox 721 622 1031 684; x_wconf 84' lang='lat' dir='ltr'>aequoribus</span> <span class='ocrx_word' id='word_1_36' title='bbox 1057 638 1203 672; x_wconf 88' lang='lat' dir='ltr'>sacra</span> 
     </span>
     <span class='ocr_line' id='line_1_8' title="bbox 340 689 1633 753; baseline 0.005 -15"><span class='ocrx_word' id='word_1_37' title='bbox 340 689 607 752; x_wconf 89' lang='lat' dir='ltr'>Natosque</span> <span class='ocrx_word' id='word_1_38' title='bbox 633 694 969 752; x_wconf 86' lang='lat' dir='ltr'>maturosque</span> <span class='ocrx_word' id='word_1_39' title='bbox 997 696 1173 753; x_wconf 86' lang='lat' dir='ltr'>patres</span> <span class='ocrx_word' id='word_1_40' title='bbox 1573 697 1633 744; x_wconf 88' lang='lat'>55</span> 
     </span>
     <span class='ocr_line' id='line_1_9' title="bbox 390 756 1213 820; baseline 0.009 -19"><span class='ocrx_word' id='word_1_41' title='bbox 390 757 632 806; x_wconf 72' lang='lat' dir='ltr'>vPertulit</span> <span class='ocrx_word' id='word_1_42' title='bbox 658 756 929 805; x_wconf 86' lang='lat' dir='ltr'>Ausonias</span> <span class='ocrx_word' id='word_1_43' title='bbox 956 759 1021 806; x_wconf 93' lang='lat' dir='ltr'>ad</span> <span class='ocrx_word' id='word_1_44' title='bbox 1046 760 1213 820; x_wconf 87' lang='lat' dir='ltr'>urbes,</span> 
     </span>
     <span class='ocr_line' id='line_1_10' title="bbox 274 823 1156 888; baseline 0.002 -15"><span class='ocrx_word' id='word_1_45' title='bbox 274 823 433 873; x_wconf 87' lang='lat' dir='ltr'>Duris</span> <span class='ocrx_word' id='word_1_46' title='bbox 457 828 515 872; x_wconf 90' lang='lat' dir='ltr'>ut</span> <span class='ocrx_word' id='word_1_47' title='bbox 539 824 641 872; x_wconf 85' lang='lat' dir='ltr'>ilex</span> <span class='ocrx_word' id='word_1_48' title='bbox 666 829 819 872; x_wconf 88' lang='lat' dir='ltr'>tonsa</span> <span class='ocrx_word' id='word_1_49' title='bbox 847 825 1156 888; x_wconf 84' lang='lat' dir='ltr'>bipennibus</span> 
     </span>
     <span class='ocr_line' id='line_1_11' title="bbox 273 890 1185 957; baseline 0.003 -17"><span class='ocrx_word' id='word_1_50' title='bbox 273 890 470 953; x_wconf 72' lang='lat' dir='ltr'>Nigrae</span> <span class='ocrx_word' id='word_1_51' title='bbox 495 891 646 940; x_wconf 89' lang='lat' dir='ltr'>feraci</span> <span class='ocrx_word' id='word_1_52' title='bbox 672 892 868 940; x_wconf 85' lang='lat' dir='ltr'>frondis</span> <span class='ocrx_word' id='word_1_53' title='bbox 894 894 948 940; x_wconf 91' lang='lat' dir='ltr'>in</span> <span class='ocrx_word' id='word_1_54' title='bbox 974 895 1185 957; x_wconf 82' lang='lat' dir='ltr'>Algido,</span> 
     </span>
     <span class='ocr_line' id='line_1_12' title="bbox 341 959 1239 1026; baseline 0.006 -19"><span class='ocrx_word' id='word_1_55' title='bbox 341 959 442 1007; x_wconf 91' lang='lat' dir='ltr'>Per</span> <span class='ocrx_word' id='word_1_56' title='bbox 467 960 670 1017; x_wconf 90' lang='lat' dir='ltr'>damna,</span> <span class='ocrx_word' id='word_1_57' title='bbox 698 975 789 1023; x_wconf 89' lang='lat' dir='ltr'>per</span> <span class='ocrx_word' id='word_1_58' title='bbox 815 961 1009 1019; x_wconf 86' lang='lat' dir='ltr'>caedes,</span> <span class='ocrx_word' id='word_1_59' title='bbox 1038 963 1100 1010; x_wconf 87' lang='lat' dir='ltr'>ab</span> <span class='ocrx_word' id='word_1_60' title='bbox 1124 963 1239 1026; x_wconf 88' lang='lat' dir='ltr'>ipso</span> 
     </span>
     <span class='ocr_line' id='line_1_13' title="bbox 408 1027 1634 1092; baseline 0.005 -18"><span class='ocrx_word' id='word_1_61' title='bbox 408 1027 565 1075; x_wconf 87' lang='lat' dir='ltr'>Ducit</span> <span class='ocrx_word' id='word_1_62' title='bbox 590 1042 712 1091; x_wconf 89' lang='lat' dir='ltr'>opes</span> <span class='ocrx_word' id='word_1_63' title='bbox 740 1028 1071 1092; x_wconf 89' lang='lat' dir='ltr'>animumque</span> <span class='ocrx_word' id='word_1_64' title='bbox 1098 1031 1243 1079; x_wconf 86' lang='lat' dir='ltr'>ferro.</span> <span class='ocrx_word' id='word_1_65' title='bbox 1573 1034 1634 1080; x_wconf 90' lang='grc'>60</span> 
     </span>
     <span class='ocr_line' id='line_1_14' title="bbox 272 1093 1218 1159; baseline 0.004 -17"><span class='ocrx_word' id='word_1_66' title='bbox 272 1093 325 1143; x_wconf 86' lang='lat' dir='ltr'>N</span> <span class='ocrx_word' id='word_1_67' title='bbox 327 1109 393 1142; x_wconf 93' lang='lat' dir='ltr'>on</span> <span class='ocrx_word' id='word_1_68' title='bbox 418 1094 606 1158; x_wconf 81' lang='lat' dir='ltr'>Hydra</span> <span class='ocrx_word' id='word_1_69' title='bbox 630 1100 768 1143; x_wconf 88' lang='lat' dir='ltr'>secto</span> <span class='ocrx_word' id='word_1_70' title='bbox 797 1111 1004 1159; x_wconf 89' lang='lat' dir='ltr'>corpore</span> <span class='ocrx_word' id='word_1_71' title='bbox 1030 1098 1218 1146; x_wconf 89' lang='lat' dir='ltr'>firmior</span> 
     </span>
     <span class='ocr_line' id='line_1_15' title="bbox 271 1161 1290 1227; baseline 0.004 -17"><span class='ocrx_word' id='word_1_72' title='bbox 271 1161 425 1210; x_wconf 87' lang='lat' dir='ltr'>Vinci</span> <span class='ocrx_word' id='word_1_73' title='bbox 448 1163 704 1211; x_wconf 86' lang='lat' dir='ltr'>dolentem</span> <span class='ocrx_word' id='word_1_74' title='bbox 733 1164 896 1211; x_wconf 86' lang='lat' dir='ltr'>crevit</span> <span class='ocrx_word' id='word_1_75' title='bbox 925 1165 975 1212; x_wconf 91' lang='lat' dir='ltr'>in</span> <span class='ocrx_word' id='word_1_76' title='bbox 1002 1165 1290 1227; x_wconf 87' lang='lat' dir='ltr'>Herculem,</span> 
     </span>
     <span class='ocr_line' id='line_1_16' title="bbox 341 1229 1241 1282; baseline 0.007 -5"><span class='ocrx_word' id='word_1_77' title='bbox 341 1229 698 1278; x_wconf 86' lang='lat' dir='ltr'>Monstrumve</span> <span class='ocrx_word' id='word_1_78' title='bbox 739 1232 1022 1280; x_wconf 83' lang='lat' dir='ltr'>submisere</span> <span class='ocrx_word' id='word_1_79' title='bbox 1063 1233 1241 1282; x_wconf 86' lang='lat' dir='ltr'>Colchi</span> 
     </span>
     <span class='ocr_line' id='line_1_17' title="bbox 407 1297 1225 1360; baseline 0.006 -16"><span class='ocrx_word' id='word_1_80' title='bbox 407 1297 582 1360; x_wconf 87' lang='lat' dir='ltr'>Majus</span> <span class='ocrx_word' id='word_1_81' title='bbox 619 1298 967 1347; x_wconf 89' lang='lat' dir='ltr'>Echioniaeve</span> <span class='ocrx_word' id='word_1_82' title='bbox 1005 1300 1225 1349; x_wconf 82' lang='lat' dir='ltr'>Thebae.</span> 
     </span>
     <span class='ocr_line' id='line_1_18' title="bbox 272 1362 1633 1432; baseline 0.003 -20"><span class='ocrx_word' id='word_1_83' title='bbox 272 1362 471 1413; x_wconf 79' lang='lat' dir='ltr'>Merses</span> <span class='ocrx_word' id='word_1_84' title='bbox 494 1366 757 1429; x_wconf 89' lang='lat' dir='ltr'>profundo,</span> <span class='ocrx_word' id='word_1_85' title='bbox 788 1367 1047 1429; x_wconf 88' lang='lat' dir='ltr'>pulchrior</span> <span class='ocrx_word' id='word_1_86' title='bbox 1070 1369 1275 1432; x_wconf 88' lang='lat' dir='ltr'>evenit;</span> <span class='ocrx_word' id='word_1_87' title='bbox 1573 1371 1633 1416; x_wconf 87' lang='grc'>65</span> 
     </span>
     <span class='ocr_line' id='line_1_19' title="bbox 273 1431 1215 1499; baseline 0.004 -19"><span class='ocrx_word' id='word_1_88' title='bbox 273 1431 505 1492; x_wconf 86' lang='lat' dir='ltr'>Luctere,</span> <span class='ocrx_word' id='word_1_89' title='bbox 534 1433 696 1481; x_wconf 89' lang='lat' dir='ltr'>multa</span> <span class='ocrx_word' id='word_1_90' title='bbox 720 1439 932 1497; x_wconf 81' lang='lat' dir='ltr'>proruet</span> <span class='ocrx_word' id='word_1_91' title='bbox 958 1436 1215 1499; x_wconf 86' lang='lat' dir='ltr'>integrum</span> 
     </span>
     <span class='ocr_line' id='line_1_20' title="bbox 341 1499 1216 1566; baseline 0.003 -17"><span class='ocrx_word' id='word_1_92' title='bbox 341 1499 471 1549; x_wconf 91' lang='lat' dir='ltr'>Cum</span> <span class='ocrx_word' id='word_1_93' title='bbox 497 1500 648 1549; x_wconf 91' lang='lat' dir='ltr'>laude</span> <span class='ocrx_word' id='word_1_94' title='bbox 677 1502 941 1560; x_wconf 89' lang='lat' dir='ltr'>victorem,</span> <span class='ocrx_word' id='word_1_95' title='bbox 972 1509 1216 1566; x_wconf 85' lang='lat' dir='ltr'>geretque</span> 
     </span>
     <span class='ocr_line' id='line_1_21' title="bbox 407 1567 1236 1634; baseline 0.006 -19"><span class='ocrx_word' id='word_1_96' title='bbox 407 1567 612 1616; x_wconf 87' lang='lat' dir='ltr'>Proelia</span> <span class='ocrx_word' id='word_1_97' title='bbox 637 1570 944 1632; x_wconf 86' lang='lat' dir='ltr'>conjugibus</span> <span class='ocrx_word' id='word_1_98' title='bbox 972 1571 1236 1634; x_wconf 90' lang='lat' dir='ltr'>loquenda.</span> 
     </span>
     <span class='ocr_line' id='line_1_22' title="bbox 274 1633 1208 1701; baseline 0.006 -19"><span class='ocrx_word' id='word_1_99' title='bbox 274 1633 582 1698; x_wconf 79' lang='lat' dir='ltr'>Carthagini</span> <span class='ocrx_word' id='word_1_100' title='bbox 610 1637 718 1698; x_wconf 76' lang='lat' dir='ltr'>Jam</span> <span class='ocrx_word' id='word_1_101' title='bbox 747 1652 849 1685; x_wconf 92' lang='lat' dir='ltr'>non</span> <span class='ocrx_word' id='word_1_102' title='bbox 877 1654 973 1701; x_wconf 85' lang='lat' dir='ltr'>ego</span> <span class='ocrx_word' id='word_1_103' title='bbox 998 1639 1208 1688; x_wconf 89' lang='lat' dir='ltr'>nuntios</span> 
     </span>
     <span class='ocr_line' id='line_1_23' title="bbox 273 1701 1636 1766; baseline 0.006 -17"><span class='ocrx_word' id='word_1_104' title='bbox 273 1701 484 1750; x_wconf 83' lang='lat' dir='ltr'>Mittam</span> <span class='ocrx_word' id='word_1_105' title='bbox 512 1704 791 1766; x_wconf 87' lang='lat' dir='ltr'>superbos:</span> <span class='ocrx_word' id='word_1_106' title='bbox 832 1707 1029 1764; x_wconf 88' lang='lat' dir='ltr'>occidit,</span> <span class='ocrx_word' id='word_1_107' title='bbox 1058 1708 1245 1756; x_wconf 90' lang='lat' dir='ltr'>occidit</span> <span class='ocrx_word' id='word_1_108' title='bbox 1571 1705 1636 1756; x_wconf 76' lang='lat'>70</span> 
     </span>
     <span class='ocr_line' id='line_1_24' title="bbox 343 1769 1207 1832; baseline 0.006 -15"><span class='ocrx_word' id='word_1_109' title='bbox 343 1769 474 1832; x_wconf 88' lang='lat' dir='ltr'>Spes</span> <span class='ocrx_word' id='word_1_110' title='bbox 510 1771 677 1818; x_wconf 89' lang='lat' dir='ltr'>omnis</span> <span class='ocrx_word' id='word_1_111' title='bbox 713 1777 766 1820; x_wconf 93' lang='lat' dir='ltr'>et</span> <span class='ocrx_word' id='word_1_112' title='bbox 804 1773 1009 1822; x_wconf 86' lang='lat' dir='ltr'>fortuna</span> <span class='ocrx_word' id='word_1_113' title='bbox 1045 1775 1207 1822; x_wconf 89' lang='lat' dir='ltr'>nostri</span> 
     </span>
     <span class='ocr_line' id='line_1_25' title="bbox 407 1837 1351 1906; baseline 0.006 -21"><span class='ocrx_word' id='word_1_114' title='bbox 407 1837 648 1886; x_wconf 88' lang='lat' dir='ltr'>Nominis</span> <span class='ocrx_word' id='word_1_115' title='bbox 677 1839 1005 1889; x_wconf 87' lang='lat' dir='ltr'>Hasdrubale</span> <span class='ocrx_word' id='word_1_116' title='bbox 1031 1842 1351 1906; x_wconf 88' lang='lat' dir='ltr'>interempto.</span> 
     </span>
     <span class='ocr_line' id='line_1_26' title="bbox 271 1902 1277 1970; baseline 0.006 -18"><span class='ocrx_word' id='word_1_117' title='bbox 271 1902 361 1952; x_wconf 85' lang='lat' dir='ltr'>Nil</span> <span class='ocrx_word' id='word_1_118' title='bbox 390 1904 635 1954; x_wconf 86' lang='lat' dir='ltr'>Claudiae</span> <span class='ocrx_word' id='word_1_119' title='bbox 661 1921 763 1954; x_wconf 92' lang='lat' dir='ltr'>non</span> <span class='ocrx_word' id='word_1_120' title='bbox 791 1908 1052 1970; x_wconf 82' lang='lat' dir='ltr'>perficient</span> <span class='ocrx_word' id='word_1_121' title='bbox 1077 1925 1277 1967; x_wconf 87' lang='lat' dir='ltr'>manus,</span> 
     </span>
     <span class='ocr_line' id='line_1_27' title="bbox 273 1971 1240 2040; baseline 0.005 -21"><span class='ocrx_word' id='word_1_122' title='bbox 273 1971 414 2033; x_wconf 81' lang='lat' dir='ltr'>Quas</span> <span class='ocrx_word' id='word_1_123' title='bbox 437 1978 490 2020; x_wconf 88' lang='lat' dir='ltr'>et</span> <span class='ocrx_word' id='word_1_124' title='bbox 514 1973 737 2036; x_wconf 85' lang='lat' dir='ltr'>benigno</span> <span class='ocrx_word' id='word_1_125' title='bbox 763 1977 971 2023; x_wconf 89' lang='lat' dir='ltr'>numine</span> <span class='ocrx_word' id='word_1_126' title='bbox 996 1977 1032 2025; x_wconf 89' lang='lat' dir='ltr'>J</span> <span class='ocrx_word' id='word_1_127' title='bbox 1038 1977 1240 2040; x_wconf 87' lang='lat' dir='ltr'>uppiter</span> 
     </span>
     <span class='ocr_line' id='line_1_28' title="bbox 339 2039 1631 2106; baseline 0.004 -19"><span class='ocrx_word' id='word_1_128' title='bbox 339 2039 596 2099; x_wconf 86' lang='lat' dir='ltr'>Defendit,</span> <span class='ocrx_word' id='word_1_129' title='bbox 635 2047 688 2089; x_wconf 92' lang='lat' dir='ltr'>et</span> <span class='ocrx_word' id='word_1_130' title='bbox 723 2058 871 2091; x_wconf 83' lang='lat' dir='ltr'>curae</span> <span class='ocrx_word' id='word_1_131' title='bbox 910 2039 1125 2106; x_wconf 76' lang='lat' dir='ltr'>sagaces</span> <span class='ocrx_word' id='word_1_132' title='bbox 1570 2040 1631 2091; x_wconf 75' lang='lat'>&#39;15</span> 
     </span>
     <span class='ocr_line' id='line_1_29' title="bbox 405 2107 1221 2174; baseline 0.005 -18"><span class='ocrx_word' id='word_1_133' title='bbox 405 2107 702 2172; x_wconf 82' lang='lat' dir='ltr'>Expediunt</span> <span class='ocrx_word' id='word_1_134' title='bbox 737 2126 826 2174; x_wconf 90' lang='lat' dir='ltr'>per</span> <span class='ocrx_word' id='word_1_135' title='bbox 864 2117 1016 2160; x_wconf 84' lang='lat' dir='ltr'>acuta</span> <span class='ocrx_word' id='word_1_136' title='bbox 1051 2111 1221 2161; x_wconf 87' lang='lat' dir='ltr'>belli.&#39;&#39;</span> 
     </span>
    </p>
   </div>
   <div class='ocr_carea' id='block_1_3' title="bbox 135 2242 1628 2709">
    <p class='ocr_par' dir='ltr' id='par_1_3' title="bbox 135 2242 1628 2709">
     <span class='ocr_line' id='line_1_30' title="bbox 135 2242 889 2325; baseline 0.001 -2"><span class='ocrx_word' id='word_1_137' title='bbox 135 2242 242 2323; x_wconf 43' lang='lat' dir='ltr'>T&lt;</span> <span class='ocrx_word' id='word_1_138' title='bbox 824 2275 889 2325; x_wconf 80' lang='lat' dir='ltr'>v,</span> 
     </span>
     <span class='ocr_line' id='line_1_31' title="bbox 269 2359 1238 2439; baseline 0.007 -20"><span class='ocrx_word' id='word_1_139' title='bbox 269 2362 418 2421; x_wconf 61' lang='lat' dir='ltr'>Divis</span> <span class='ocrx_word' id='word_1_140' title='bbox 435 2359 559 2423; x_wconf 55' lang='lat' dir='ltr'>&#39;o&#39;r&#39;te&#39;</span> <span class='ocrx_word' id='word_1_141' title='bbox 577 2367 740 2434; x_wconf 68' lang='lat' dir='ltr'>bonis,</span> <span class='ocrx_word' id='word_1_142' title='bbox 753 2391 755 2393; x_wconf 90' lang='lat'>·</span> <span class='ocrx_word' id='word_1_143' title='bbox 769 2374 958 2439; x_wconf 88' lang='lat' dir='ltr'>optime</span> <span class='ocrx_word' id='word_1_144' title='bbox 985 2359 1238 2433; x_wconf 55' lang='lat' dir='ltr'>Ho‘m&#39;tulae</span> 
     </span>
     <span class='ocr_line' id='line_1_32' title="bbox 274 2438 1348 2507; baseline 0.005 -20"><span class='ocrx_word' id='word_1_145' title='bbox 274 2438 463 2489; x_wconf 84' lang='lat' dir='ltr'>Custos</span> <span class='ocrx_word' id='word_1_146' title='bbox 487 2443 672 2503; x_wconf 50' lang='lat' dir='ltr'>gentis</span> <span class='ocrx_word' id='word_1_147' title='bbox 702 2443 824 2491; x_wconf 86' lang='lat' dir='ltr'>abes</span> <span class='ocrx_word' id='word_1_148' title='bbox 853 2444 961 2505; x_wconf 83' lang='lat' dir='ltr'>jam</span> <span class='ocrx_word' id='word_1_149' title='bbox 991 2445 1202 2492; x_wconf 88' lang='lat' dir='ltr'>nimium</span> <span class='ocrx_word' id='word_1_150' title='bbox 1230 2445 1348 2507; x_wconf 87' lang='lat' dir='ltr'>diu;</span> 
     </span>
     <span class='ocr_line' id='line_1_33' title="bbox 272 2504 1294 2575; baseline 0.004 -21"><span class='ocrx_word' id='word_1_151' title='bbox 272 2504 532 2556; x_wconf 79' lang='lat' dir='ltr'>Matutam</span> <span class='ocrx_word' id='word_1_152' title='bbox 561 2510 780 2558; x_wconf 89' lang='lat' dir='ltr'>reditum</span> <span class='ocrx_word' id='word_1_153' title='bbox 807 2510 1066 2573; x_wconf 88' lang='lat' dir='ltr'>pollicitus</span> <span class='ocrx_word' id='word_1_154' title='bbox 1091 2517 1294 2575; x_wconf 90' lang='lat' dir='ltr'>patrum</span> 
     </span>
     <span class='ocr_line' id='line_1_34' title="bbox 408 2574 1024 2635; baseline 0.006 -12"><span class='ocrx_word' id='word_1_155' title='bbox 408 2574 596 2624; x_wconf 83' lang='lat' dir='ltr'>Sancto</span> <span class='ocrx_word' id='word_1_156' title='bbox 633 2578 861 2635; x_wconf 90' lang='lat' dir='ltr'>concilio,</span> <span class='ocrx_word' id='word_1_157' title='bbox 901 2579 1024 2627; x_wconf 90' lang='lat' dir='ltr'>redi.</span> 
     </span>
     <span class='ocr_line' id='line_1_35' title="bbox 273 2638 1628 2709; baseline 0.006 -21"><span class='ocrx_word' id='word_1_158' title='bbox 273 2638 463 2690; x_wconf 90' lang='lat' dir='ltr'>Lucem</span> <span class='ocrx_word' id='word_1_159' title='bbox 488 2644 643 2692; x_wconf 87' lang='lat' dir='ltr'>redde</span> <span class='ocrx_word' id='word_1_160' title='bbox 670 2650 803 2703; x_wconf 83' lang='lat' dir='ltr'>tuae,</span> <span class='ocrx_word' id='word_1_161' title='bbox 833 2646 937 2694; x_wconf 83' lang='lat' dir='ltr'>dux</span> <span class='ocrx_word' id='word_1_162' title='bbox 963 2647 1108 2706; x_wconf 90' lang='lat' dir='ltr'>bone,</span> <span class='ocrx_word' id='word_1_163' title='bbox 1136 2646 1364 2709; x_wconf 86' lang='lat' dir='ltr'>patriae:</span> <span class='ocrx_word' id='word_1_164' title='bbox 1600 2643 1628 2689; x_wconf 88' lang='lat'>5</span> 
     </span>
    </p>
   </div>
   <div class='ocr_carea' id='block_1_4' title="bbox 125 2768 1592 2912">
    <p class='ocr_par' dir='ltr' id='par_1_4' title="bbox 125 2768 1592 2912">
     <span class='ocr_line' id='line_1_36' title="bbox 125 2768 1592 2826; baseline 0.006 -22"><span class='ocrx_word' id='word_1_165' title='bbox 125 2768 174 2805; x_wconf 69' lang='lat'>02</span> <span class='ocrx_word' id='word_1_166' title='bbox 193 2771 254 2806; x_wconf 67' lang='lat' dir='ltr'>ut</span> <span class='ocrx_word' id='word_1_167' title='bbox 270 2782 343 2808; x_wconf 80' lang='lat' dir='ltr'>om.</span> <span class='ocrx_word' id='word_1_168' title='bbox 423 2773 470 2809; x_wconf 87' lang='grc'>60</span> <span class='ocrx_word' id='word_1_169' title='bbox 490 2774 726 2823; x_wconf 78' lang='lat' dir='ltr'>animosque</span> <span class='ocrx_word' id='word_1_170' title='bbox 807 2776 854 2811; x_wconf 81' lang='lat'>65</span> <span class='ocrx_word' id='word_1_171' title='bbox 876 2787 1029 2813; x_wconf 71' lang='lat' dir='ltr'>mersus</span> <span class='ocrx_word' id='word_1_172' title='bbox 1110 2777 1156 2813; x_wconf 78' lang='grc'>65</span> <span class='ocrx_word' id='word_1_173' title='bbox 1178 2777 1288 2812; x_wconf 84' lang='lat' dir='ltr'>exiet</span> <span class='ocrx_word' id='word_1_174' title='bbox 1367 2776 1413 2811; x_wconf 91' lang='grc'>66</span> <span class='ocrx_word' id='word_1_175' title='bbox 1434 2777 1592 2826; x_wconf 81' lang='lat' dir='ltr'>proruit</span> 
     </span>
     <span class='ocr_line' id='line_1_37' title="bbox 275 2821 1420 2912; baseline 0.003 -53"><span class='ocrx_word' id='word_1_176' title='bbox 275 2821 322 2860; x_wconf 74' lang='lat'>⁶⁷</span> <span class='ocrx_word' id='word_1_177' title='bbox 341 2822 447 2870; x_wconf 67' lang='lat' dir='ltr'>gerit</span> <span class='ocrx_word' id='word_1_178' title='bbox 551 2824 572 2862; x_wconf 80' lang='lat'><strong>7</strong></span> <span class='ocrx_word' id='word_1_179' title='bbox 577 2825 598 2861; x_wconf 87' lang='lat'><strong>3</strong></span> <span class='ocrx_word' id='word_1_180' title='bbox 614 2825 980 2912; x_wconf 45' lang='lat' dir='ltr'>perficizizzmmzss</span> <span class='ocrx_word' id='word_1_181' title='bbox 1001 2826 1109 2863; x_wconf 81' lang='lat' dir='ltr'>bella</span> <span class='ocrx_word' id='word_1_182' title='bbox 1215 2827 1234 2862; x_wconf 90' lang='lat'>1</span> <span class='ocrx_word' id='word_1_183' title='bbox 1257 2829 1420 2877; x_wconf 80' lang='lat' dir='ltr'>optume</span> 
     </span>
    </p>
   </div>
  </div>
 </body>
</html>
