1878 3054
631 173 634 176 .
714 145 840 184 mn.
879 145 976 185 111.
1015 135 1052 183 4
1188 168 1191 169 ν
1605 139 1674 190 69

302 279 406 343 Qui
427 283 616 328 terram
643 278 874 337 inertem,
903 278 987 342 qui
1013 294 1153 327 mare
1178 283 1431 344 temperat
1611 276 1673 325 45

301 347 606 405 Ventosum,
634 352 687 394 et
713 346 864 394 urbes
891 362 1151 410 regnaque
1178 348 1347 396 tristia

370 414 630 478 Divosque
669 414 1014 476 mortalesque
1051 415 1230 463 turbas

436 481 658 546 Imperio
696 481 830 543 regit
869 497 1001 529 unus
1039 498 1213 545 aequo.

301 549 555 613 Magnum
580 549 668 596 illa
695 553 943 596 terrorem
970 549 1214 598 intulerat
1238 551 1273 599 J
1278 552 1363 600 ovi

302 617 496 666 Fidens
523 618 774 680 juventus
803 616 1013 665 horrida
1039 618 1307 679 bracchiis,
1608 616 1671 663 50

370 685 681 748 Fratresque
725 685 995 733 tendentes
1032 701 1192 748 opaco

438 753 618 801 Pelion
655 753 968 815 imposuisse
1008 752 1243 817 Olympo.

304 819 406 870 Sed
433 821 555 884 quid
580 820 865 884 Typhoeus
890 825 943 868 et
968 820 1172 870 validus
1199 821 1406 884 Mimas,

302 888 416 937 Aut
439 888 563 952 quid
589 888 772 936 minaci
805 888 1131 951 Porphyrion
1157 895 1312 948 statu,

373 956 508 1018 Quid
545 955 783 1004 Rhoetus
824 957 1112 1019 evolsisque
1149 958 1348 1006 truncis
1606 956 1670 1004 55

411 1023 726 1072 *Enceladus
756 1024 1012 1085 Jaculator
1047 1025 1218 1072 audax

304 1091 500 1141 Contra
524 1096 791 1139 sonantem
822 1091 1054 1139 Palladis
1079 1093 1263 1155 aegida

304 1158 528 1208 Possent
552 1157 798 1206 ruentes?
876 1159 1014 1207 Hinc
1041 1160 1222 1209 avidus
1247 1161 1394 1209 stetit

371 1226 650 1285 Volcanus,
689 1226 807 1274 hinc
846 1232 1081 1276 matrona
1116 1228 1271 1287 Juno,
1309 1234 1362 1276 et

438 1294 735 1357 Numquam
766 1294 992 1343 humeris
1016 1296 1281 1358 positurus
1306 1311 1495 1357 arcum,
1608 1301 1670 1347 60

305 1361 410 1424 Qui
433 1377 544 1410 rore
568 1377 694 1426 puro
725 1362 985 1411 Castaliae
1011 1363 1141 1412 lavit

307 1429 490 1480 Crines
517 1430 728 1488 solutos,
761 1431 847 1492 qui
875 1431 1068 1494 Lyciae
1094 1435 1236 1479 tenet

372 1497 599 1546 Dumeta
632 1497 960 1561 natalemque
999 1499 1199 1557 silvam,

442 1565 623 1614 Delius
659 1570 712 1614 et
751 1565 1003 1614 Patareus
1041 1567 1245 1630 Apollo.

307 1632 408 1681 Vis
434 1633 614 1681 consili
641 1648 826 1696 expers
854 1635 986 1682 mole
1013 1635 1113 1682 ruit
1138 1649 1261 1683 sua:
1606 1638 1669 1686 65

306 1698 431 1749 Vim
454 1706 793 1764 temperatam
825 1702 877 1749 di
904 1717 1102 1765 quoque
1128 1701 1419 1764 provehunt

375 1767 439 1816 In
475 1770 668 1830 majus;
706 1769 842 1816 idem
882 1770 1030 1817 odere
1067 1770 1201 1817 vires

445 1834 609 1883 Omne
646 1837 791 1884 nefas
832 1837 1002 1884 animo
1038 1841 1320 1887 moventes.

310 1902 483 1951 Testis
510 1918 737 1951 mearum
768 1905 1087 1952 centimanus
1114 1904 1257 1967 Gyas

312 1970 711 2029 Sententiarum,
743 1977 896 2019 notus
922 1977 973 2020 et
998 1972 1231 2035 integrae
1609 1972 1670 2023 70

378 2038 676 2102 Temptator
716 2038 876 2087 Orion
914 2040 1126 2099 Dianae,

447 2106 696 2170 Virginea
735 2107 961 2156 domitus
999 2109 1203 2171 sagitta.

311 2173 510 2236 Injeeta
535 2175 779 2223 monstris
809 2175 966 2223 Terra
990 2176 1128 2224 dolet
1155 2176 1277 2235 suiS,

312 2240 612 2305 Maeretque
640 2247 820 2305 partus
849 2243 1056 2291 fulmine
1082 2244 1305 2292 luridum

378 2309 574 2359 Missos
611 2310 674 2358 ad
715 2310 934 2372 Orcum3
971 2326 1063 2359 nec
1098 2311 1295 2375 peredit
1610 2309 1669 2360 75

448 2376 754 2439 Impositam
794 2379 925 2426 celer
960 2378 1098 2441 ignis
1135 2379 1356 2436 Aetnen,

315 2443 693 2493 Incontinentis
719 2461 811 2493 nec
839 2445 981 2509 Tityi
1012 2447 1154 2508 jecur

314 2511 548 2574 Reliquit
573 2513 692 2571 ales,
722 2513 979 2576 nequitiae
1005 2514 1214 2561 additus

385 2579 608 2640 Custos;
646 2586 924 2627 amatorem
964 2586 1221 2628 trecentae

450 2646 745 2695 Pirithoum
783 2648 1024 2695 cohibent
1060 2654 1286 2697 catenae.
1608 2645 1669 2691 80

167 2799 216 2839 47
227 2803 381 2838 turmas
452 2803 498 2838 55
509 2803 662 2839 evulsis
716 2803 763 2839 69
779 2803 908 2850 gigas,
930 2802 1065 2850 Gygen
1086 2815 1105 2838 e
1120 2802 1341 2838 coniectura
1414 2799 1455 2838 71
1472 2803 1651 2837 tentator·

369 2851 417 2890 7⁶
435 2852 607 2888 Aetnam
1121 2853 1166 2889 78
1188 2852 1380 2900 relinquit
