1878 3054
190 162 258 216 78
648 172 890 214 nolum
933 173 1277 216 cARmxvn

288 307 460 371 Eques
483 307 593 370 ipso
618 307 798 354 melior
822 306 1230 372 Bellerophonte,
1255 325 1419 374 neque
1443 325 1617 376 pugno

553 374 731 437 Neque
761 376 906 436 segni
931 376 1058 437 pede
1084 377 1282 440 victus3

489 442 648 490 Catus
674 442 807 489 idem
833 458 922 505 per
946 449 1180 506 apertum

485 509 767 571 Fugientes
794 511 991 572 agitato

287 574 452 638 Grege
476 591 653 623 cervos
669 578 902 638 Jaculari,
929 582 982 625 et
1007 578 1138 626 celer
1161 579 1266 626 alto
1289 579 1582 628 latitantem
1683 585 1740 632 15

553 642 812 692 Fruticeto
838 645 1068 708 excipere
1093 660 1286 709 aprum.

881 831 1040 881 XIII.

419 931 464 981 O
489 931 601 980 fons
625 932 933 993 Bandusiae,
964 934 1277 997 splendidior
1299 937 1449 997 vitro,

421 998 571 1047 Dulci
595 1000 747 1062 digne
774 1016 911 1049 mero
937 1017 1039 1049 non
1064 1003 1173 1051 sine
1198 1002 1419 1064 floribus,

486 1066 622 1131 Cras,
638 1068 911 1116 donaberis
939 1067 1116 1128 haed0‚

553 1133 648 1182 Oui
674 1135 811 1182 frons
839 1135 1046 1197 turgida
1068 1136 1307 1184 cornibus

415 1200 603 1249 Primis
628 1206 680 1249 et
704 1217 941 1249 venerem
970 1208 1021 1250 et
1045 1204 1237 1266 proelia
1262 1205 1520 1267 destinat3
1700 1207 1729 1255 5

414 1266 655 1316 Frustra:
693 1283 812 1316 nam
842 1269 1040 1331 gelidos
1067 1270 1252 1318 inficiet
1277 1271 1370 1319 tibi

482 1335 658 1383 Rubro
685 1336 935 1398 sanguine
961 1337 1099 1385 rivos

549 1402 755 1450 Lascivi
783 1403 988 1451 suboles
1013 1405 1198 1467 gregis.

413 1467 486 1516 Te
511 1468 773 1532 flagrantis
803 1475 949 1518 atrox
974 1470 1099 1520 hora
1127 1471 1398 1521 Caniculae

410 1534 590 1583 Nescit
614 1542 837 1599 tangere,
867 1542 925 1585 tu
952 1538 1114 1601 frigus
1139 1539 1355 1587 amabile
1670 1543 1729 1590 10

478 1602 654 1651 Fessis
680 1620 884 1652 vomere
911 1606 1072 1653 tauris

544 1670 765 1718 Praebes
789 1676 842 1719 et
866 1673 1033 1734 pecori
1059 1688 1206 1735 vago.

408 1735 528 1784 Fies
554 1738 801 1785 nobilium
826 1743 885 1786 tu
910 1754 1108 1803 quoque
1133 1740 1367 1799 fontium,

408 1802 494 1850 Me
521 1804 715 1852 dicente
742 1806 883 1853 cavis
909 1806 1202 1869 impositam
1224 1806 1391 1856 ilicem

476 1869 640 1930 Saxis,
667 1873 801 1920 unde
829 1873 1066 1936 loquaces
1669 1877 1728 1925 15

540 1936 806 2002 Lymphae
835 1940 1082 1989 desiliunt
1107 1945 1240 1990 tuae.

871 2103 1022 2153 XIV.

439 2215 677 2264 Herculis
701 2217 804 2264 ritu
828 2218 979 2265 modo
1005 2218 1186 2277 dictuS‚
1214 2233 1243 2267 o
1266 2219 1426 2282 plebe,

438 2282 607 2330 Morte
633 2284 864 2331 venalem
888 2285 1098 2346 petiisse
1124 2286 1337 2344 laurum,

440 2349 632 2397 Caesar
658 2350 896 2412 Hispana
921 2352 1105 2413 repetit
1129 2357 1339 2415 penates

703 2418 885 2465 Victor
912 2419 975 2465 ab
1001 2433 1099 2466 ora.

436 2482 600 2531 Unico
626 2486 852 2546 gaudens
878 2486 1059 2532 mulier
1082 2484 1265 2532 marito
1697 2487 1725 2534 5

437 2549 660 2598 Prodeat
677 2554 831 2613 justis
860 2558 1066 2616 operata
1090 2552 1263 2611 sacris,
1748 2575 1752 2578 ·

436 2616 507 2664 Et
533 2632 675 2666 soror
699 2621 819 2667 clari
846 2621 1002 2679 ducis,
1029 2625 1081 2667 et
1105 2620 1315 2667 decorae

703 2686 935 2751 Supplice
962 2688 1094 2735 vitta

236 2821 283 2858 15
303 2825 342 2859 et
361 2825 537 2862 omittunt
555 2827 734 2863 nonnulli
836 2828 882 2864 15
902 2830 989 2864 arto
1093 2827 1115 2863 8
1135 2826 1288 2863 soboles
1392 2825 1439 2861 16
1458 2823 1663 2875 nymphae

548 2877 569 2912 6
590 2881 755 2923 operata
776 2877 880 2914 divis
1206 2875 1227 2914 7
1242 2875 1326 2913 cari
