1878 3054
699 190 827 231 12113.
864 190 906 230 1.
945 179 992 243 2,
1021 179 1054 229 3
1554 180 1658 232 135

85 321 344 377 lineatum
369 339 429 372 ac
453 323 725 372 sollicitum
752 327 833 370 est
857 323 1081 371 cantoris
1106 327 1271 372 morte
1299 325 1514 388 Tigelli:

89 393 284 456 Quippe
310 391 563 454 benignus
589 395 711 438 erat.
787 390 981 439 Contra
1006 390 1102 449 hic,
1131 406 1193 438 ne
1218 392 1466 455 prodigus
1491 407 1605 442 esse

87 457 299 510 Dicatur
322 463 570 515 metuens,
598 457 738 520 inopi
765 458 887 505 dare
913 458 1044 506 nolit
1070 459 1246 518 amico,
1625 464 1654 510 5

86 526 272 590 Frigus
295 541 395 589 quo
418 525 699 587 duramque
725 525 912 572 famem
938 526 1218 588 propellere
1245 528 1424 590 possit.

88 593 239 644 Hunc
263 593 307 641 si
330 592 656 656 perconteris,
687 592 771 639 avi
797 607 886 640 cur
913 598 1067 655 atque
1093 595 1322 656 parentis
1473 638 1477 642 .

88 661 404 712 Praeclaram
431 660 637 722 ingrata
664 660 889 722 stringat
914 661 1082 708 malus
1109 662 1337 724 ingluvie
1362 679 1506 725 rems
1591 680 1617 714 ’1

86 728 273 780 Omnia
295 727 558 776 conductis
587 729 821 775 coemens
850 728 1066 776 obsonia
1091 730 1332 790 nummis,
1551 775 1559 786 ,

89 795 361 846 ‘Sordidus
387 799 541 858 atque
570 795 728 842 animi
758 796 896 858 quod
922 797 1067 858 parvi
1094 797 1223 846 nolit
1247 798 1459 860 haberi,'
1594 800 1655 848 10

87 862 396 927 Respondet.
469 862 742 910 Laudatur
769 863 833 910 ab
861 863 957 922 his,
985 864 1219 928 culpatur
1244 867 1307 914 ab
1330 867 1446 917 illis.

86 930 313 981 Fufidius
337 945 531 994 vappae
560 930 751 977 famam
780 931 929 979 timet
954 947 1012 980 ac
1036 933 1318 994 nebulonis,

89 997 247 1048 Dives
270 997 423 1061 agris
450 997 594 1046 dives
620 998 806 1062 positis
833 999 885 1047 in
911 1001 1081 1048 fenore
1106 1002 1329 1051 nummis
1350 1020 1362 1066 ;

88 1065 279 1129 Quinas
302 1065 384 1114 hic
408 1065 563 1129 capiti
591 1067 849 1115 mercedes
876 1074 1094 1128 exsecat,
1123 1075 1276 1132 atque

89 1133 290 1196 Quanto
312 1133 559 1197 perditior
584 1135 797 1197 quisque
825 1141 918 1194 est,
946 1141 1093 1184 tanto
1119 1137 1287 1186 acrius
1312 1142 1491 1202 urget3
1592 1138 1652 1185 15

87 1199 308 1251 Nomina
330 1206 554 1250 sectatur
580 1203 732 1250 modo
760 1209 967 1267 sumpta
992 1210 1134 1252 veste
1161 1205 1298 1252 virili

89 1266 194 1318 Sub
213 1270 443 1333 patribus
466 1270 608 1318 duris
634 1270 872 1318 tironum.
947 1277 974 1296 “
994 1272 1221 1320 Maxime
1241 1274 1268 1300 '⁷
1295 1273 1409 1335 quis
1434 1289 1536 1323 non

89 1340 119 1362 ‘⁸
134 1336 399 1400 Juppiterl
419 1339 448 1366 ’'
466 1338 735 1396 exclamat,
761 1339 911 1386 simul
934 1344 1086 1402 atque
1109 1339 1343 1388 audivit?
1396 1346 1423 1366 “
1442 1342 1518 1390 At
1535 1342 1588 1389 in
1604 1358 1658 1391 se

89 1402 188 1453 Pro
211 1411 425 1469 quaestu
451 1411 712 1469 sumptum
743 1406 864 1454 facit
890 1406 1023 1456 hic.”
1094 1408 1200 1455 Vix
1224 1409 1427 1456 credere
1452 1410 1622 1472 possis

90 1471 252 1534 Quam
278 1473 374 1521 sibi
399 1488 502 1522 non
529 1474 598 1521 sit
625 1474 836 1533 amicuS,
864 1474 938 1522 ita
963 1480 1020 1523 ut
1043 1480 1190 1538 pater
1214 1476 1312 1540 ille,
1342 1475 1548 1525 Terenti
1596 1480 1658 1527 20

89 1538 283 1588 Pabula
305 1555 454 1605 quem
481 1542 726 1589 miserum
756 1547 914 1605 gnato
942 1543 1133 1591 vixisse
1159 1543 1340 1605 fugat-o

88 1605 302 1668 Inducit,
329 1623 430 1657 non
455 1624 510 1658 se
534 1611 679 1674 pejus
708 1610 1011 1659 cruciaverit
1037 1616 1188 1674 atque
1214 1610 1307 1659 1110.

153 1739 206 1791 si
223 1742 337 1806 quis
351 1758 487 1793 nunc
502 1749 731 1808 quaerat,
754 1749 782 1770 ‘⁶
798 1746 912 1807 Quo
930 1759 1010 1793 res
1031 1744 1155 1794 haec
1170 1744 1424 1808 pertinet?
1440 1748 1468 1774 ’²
1487 1746 1606 1796 illuc
1622 1764 1635 1797 :

90 1806 221 1858 Dum
249 1811 416 1860 vitant
437 1813 585 1860 stulti
613 1813 753 1870 vitia,
782 1813 834 1860 in
861 1813 1116 1860 contraria
1141 1819 1362 1862 currunt.

89 1874 371 1927 Malthinus
394 1880 583 1928 tunicis
610 1880 848 1928 demissis
874 1880 1135 1942 ambulat;
1171 1886 1249 1928 est
1275 1881 1360 1944 qui
1589 1881 1652 1929 25

89 1942 283 2008 Inguen
308 1946 373 1994 ad
397 1947 671 1995 obscenum
700 1948 967 1996 subductis
993 1962 1153 2010 usque
1180 1948 1390 1998 facetus,

90 2008 329 2062 Pastillos
354 2013 577 2063 Rufillus
604 2015 720 2075 olet,
751 2015 1046 2079 Gargonius
1070 2015 1282 2063 hircum.

813 2193 914 2242 ΙΙΙ.

90 2286 339 2342 Omnibus
363 2293 457 2344 hoc
484 2295 666 2344 vitium
693 2301 773 2345 est
799 2297 1107 2356 cantoribuS,
1136 2297 1268 2346 inter
1294 2298 1481 2346 amicos

90 2353 165 2407 Ut
186 2373 462 2426 numquam
487 2363 735 2412 inducant
761 2365 988 2412 animum
1015 2370 1221 2413 cantare
1248 2366 1434 2428 rogati,

89 2421 277 2488 Iniussi
301 2442 577 2493 numquam
605 2432 870 2480 desistant.
946 2431 1137 2480 Sardus
1163 2433 1387 2480 habebat

89 2489 182 2541 Ine
206 2491 450 2558 Tigellius
476 2497 582 2546 hoc.
658 2499 862 2558 Caesar,
890 2499 976 2562 (1111
1003 2515 1183 2562 cogere
1209 2505 1395 2563 posset,

92 2554 145 2607 Si
169 2566 361 2638 peteret
385 2578 473 2627 per
498 2566 775 2613 amicitiam
803 2566 965 2629 patris
992 2573 1143 2629 atque
1170 2582 1329 2625 suam,
1359 2582 1461 2614 non
1620 2565 1650 2610 5

91 2622 368 2692 Quicquam
394 2631 685 2694 proficeret3
723 2633 765 2680 si
792 2633 1124 2691 collibuisset,
1154 2634 1216 2682 ab
1244 2649 1341 2682 ovo

90 2686 263 2758 ‘thue
285 2695 351 2745 ad
376 2698 511 2746 mala
534 2699 716 2747 citaret
742 2704 770 2724 ‘¹
790 2700 848 2748 Io
876 2700 1102 2749 Bacchei
1127 2703 1154 2727 ’'
1180 2701 1332 2748 modo
1358 2715 1558 2747 summa

91 2752 246 2820 Voce,
268 2762 417 2812 modo
444 2763 537 2813 hac
561 2771 769 2813 resonat
793 2782 923 2829 quae
948 2767 1153 2815 chordis
1179 2773 1421 2830 quattuor
1447 2768 1561 2815 ima.

130 2881 326 2972 wll-¹¹0
355 2938 365 2948 ι
406 2887 428 2927 7
446 2892 718 2950 percuncteris
807 2892 854 2928 14
872 2892 1002 2939 exigit
1090 2893 1136 2927 18
1157 2893 1354 2928 exclamet
1437 2894 1482 2927 18
1505 2896 1546 2929 at
1567 2893 1652 2942 ipse

217 2933 457 2986 unohmua,
474 2940 671 2978 Malunus
724 2943 772 2979 26
791 2942 1045 2988 obscaenum,
1066 2942 1306 2979 obscoenum
1361 2943 1381 2981 7
1403 2942 1584 2980 Bacchae
