<?xml version="1.0" encoding="UTF-8"?>
<!DOCTYPE html PUBLIC "-//W3C//DTD XHTML 1.0 Transitional//EN"
    "http://www.w3.org/TR/xhtml1/DTD/xhtml1-transitional.dtd">
<html xmlns="http://www.w3.org/1999/xhtml" xml:lang="en" lang="en">
 <head>
  <title>
</title>
<meta http-equiv="Content-Type" content="text/html;charset=utf-8" />
  <meta name='ocr-system' content='tesseract 3.04.00' />
  <meta name='ocr-capabilities' content='ocr_page ocr_carea ocr_par ocr_line ocrx_word'/>
</head>
<body>
  <div class='ocr_page' id='page_1' title='image "./workschase00horauoft_0209.png"; bbox 0 0 1846 3034; ppageno 0'>
   <div class='ocr_carea' id='block_1_1' title="bbox 749 104 1736 191">
    <p class='ocr_par' dir='ltr' id='par_1_1' title="bbox 749 104 1736 191">
     <span class='ocr_line' id='line_1_1' title="bbox 749 104 1736 191; baseline -0.008 -9"><span class='ocrx_word' id='word_1_1' title='bbox 749 142 876 182; x_wconf 77' lang='lat' dir='ltr'>ms.</span> <span class='ocrx_word' id='word_1_2' title='bbox 915 141 958 182; x_wconf 93' lang='lat'>1.</span> <span class='ocrx_word' id='word_1_3' title='bbox 997 129 1046 191; x_wconf 87' lang='lat'>9,</span> <span class='ocrx_word' id='word_1_4' title='bbox 1073 121 1173 179; x_wconf 75' lang='lat'>10&#39;</span> <span class='ocrx_word' id='word_1_5' title='bbox 1608 104 1736 176; x_wconf 75' lang='grc'><strong>’205</strong></span> 
     </span>
    </p>
   </div>
   <div class='ocr_carea' id='block_1_2' title="bbox 153 271 1749 1756">
    <p class='ocr_par' dir='ltr' id='par_1_2' title="bbox 153 271 1736 474">
     <span class='ocr_line' id='line_1_2' title="bbox 153 271 1566 341; baseline -0.011 -9"><span class='ocrx_word' id='word_1_6' title='bbox 153 279 425 333; x_wconf 69' lang='lat' dir='ltr'>&#39;Frater-nis</span> <span class='ocrx_word' id='word_1_7' title='bbox 450 277 670 340; x_wconf 82' lang='lat' dir='ltr'>animis3</span> <span class='ocrx_word' id='word_1_8' title='bbox 707 275 950 341; x_wconf 89' lang='lat' dir='ltr'>quiequid</span> <span class='ocrx_word' id='word_1_9' title='bbox 974 277 1132 337; x_wconf 86' lang='lat' dir='ltr'>negat</span> <span class='ocrx_word' id='word_1_10' title='bbox 1158 272 1299 331; x_wconf 88' lang='lat' dir='ltr'>alter,</span> <span class='ocrx_word' id='word_1_11' title='bbox 1327 275 1379 320; x_wconf 89' lang='lat' dir='ltr'>et</span> <span class='ocrx_word' id='word_1_12' title='bbox 1405 271 1566 332; x_wconf 83' lang='lat' dir='ltr'>alter3</span> 
     </span>
     <span class='ocr_line' id='line_1_3' title="bbox 160 333 1736 408; baseline -0.011 -10"><span class='ocrx_word' id='word_1_13' title='bbox 160 349 454 398; x_wconf 85' lang='lat' dir='ltr'>Annuimus</span> <span class='ocrx_word' id='word_1_14' title='bbox 478 346 682 408; x_wconf 88' lang='lat' dir='ltr'>pariter,</span> <span class='ocrx_word' id='word_1_15' title='bbox 710 344 870 391; x_wconf 86' lang='lat' dir='ltr'>vetuli</span> <span class='ocrx_word' id='word_1_16' title='bbox 898 343 1105 405; x_wconf 90' lang='lat' dir='ltr'>notique</span> <span class='ocrx_word' id='word_1_17' title='bbox 1134 340 1371 388; x_wconf 88' lang='lat' dir='ltr'>columbi.</span> <span class='ocrx_word' id='word_1_18' title='bbox 1707 333 1736 380; x_wconf 88' lang='lat'>5</span> 
     </span>
     <span class='ocr_line' id='line_1_4' title="bbox 160 407 1382 474; baseline -0.009 -10"><span class='ocrx_word' id='word_1_19' title='bbox 160 416 240 464; x_wconf 84' lang='lat' dir='ltr'>Tu</span> <span class='ocrx_word' id='word_1_20' title='bbox 268 416 443 464; x_wconf 89' lang='lat' dir='ltr'>nidum</span> <span class='ocrx_word' id='word_1_21' title='bbox 469 428 678 473; x_wconf 89' lang='lat' dir='ltr'>servas;</span> <span class='ocrx_word' id='word_1_22' title='bbox 715 427 812 474; x_wconf 89' lang='lat' dir='ltr'>ego</span> <span class='ocrx_word' id='word_1_23' title='bbox 841 411 995 458; x_wconf 88' lang='lat' dir='ltr'>laudo</span> <span class='ocrx_word' id='word_1_24' title='bbox 1020 409 1154 457; x_wconf 90' lang='lat' dir='ltr'>ruris</span> <span class='ocrx_word' id='word_1_25' title='bbox 1182 407 1382 455; x_wconf 88' lang='lat' dir='ltr'>amoeni</span> 
     </span>
    </p>

    <p class='ocr_par' dir='ltr' id='par_1_3' title="bbox 160 478 1386 537">
     <span class='ocr_line' id='line_1_5' title="bbox 160 478 1386 537; baseline -0.008 -5"><span class='ocrx_word' id='word_1_26' title='bbox 160 484 327 532; x_wconf 85' lang='lat' dir='ltr'>Rivos</span> <span class='ocrx_word' id='word_1_27' title='bbox 349 487 404 530; x_wconf 92' lang='lat' dir='ltr'>et</span> <span class='ocrx_word' id='word_1_28' title='bbox 427 496 605 528; x_wconf 90' lang='lat' dir='ltr'>musco</span> <span class='ocrx_word' id='word_1_29' title='bbox 630 478 919 527; x_wconf 89' lang='lat' dir='ltr'>circumlita</span> <span class='ocrx_word' id='word_1_30' title='bbox 943 492 1068 524; x_wconf 85' lang='lat' dir='ltr'>saxa</span> <span class='ocrx_word' id='word_1_31' title='bbox 1092 489 1386 537; x_wconf 79' lang='lat' dir='ltr'><strong>nemusque.</strong></span> 
     </span>
    </p>

    <p class='ocr_par' dir='ltr' id='par_1_4' title="bbox 161 538 1568 613">
     <span class='ocr_line' id='line_1_6' title="bbox 161 538 1568 613; baseline -0.008 -15"><span class='ocrx_word' id='word_1_32' title='bbox 161 549 298 612; x_wconf 86' lang='lat' dir='ltr'><strong>Quid</strong></span> <span class='ocrx_word' id='word_1_33' title='bbox 325 547 567 613; x_wconf 82' lang='lat' dir='ltr'>quaeris?</span> <span class='ocrx_word' id='word_1_34' title='bbox 641 546 780 595; x_wconf 86' lang='lat' dir='ltr'>Vivo</span> <span class='ocrx_word' id='word_1_35' title='bbox 804 551 856 593; x_wconf 89' lang='lat' dir='ltr'>et</span> <span class='ocrx_word' id='word_1_36' title='bbox 880 559 1053 607; x_wconf 87' lang='lat' dir='ltr'>regno,</span> <span class='ocrx_word' id='word_1_37' title='bbox 1082 542 1234 590; x_wconf 89' lang='lat' dir='ltr'>simul</span> <span class='ocrx_word' id='word_1_38' title='bbox 1259 542 1361 589; x_wconf 91' lang='lat' dir='ltr'>ista</span> <span class='ocrx_word' id='word_1_39' title='bbox 1384 538 1568 605; x_wconf 87' lang='lat' dir='ltr'>reliqui</span> 
     </span>
    </p>

    <p class='ocr_par' dir='ltr' id='par_1_5' title="bbox 159 609 1396 680">
     <span class='ocr_line' id='line_1_7' title="bbox 159 609 1396 680; baseline -0.006 -16"><span class='ocrx_word' id='word_1_40' title='bbox 159 621 304 680; x_wconf 73' lang='lat' dir='ltr'>Quae</span> <span class='ocrx_word' id='word_1_41' title='bbox 329 631 422 664; x_wconf 90' lang='lat' dir='ltr'>vos</span> <span class='ocrx_word' id='word_1_42' title='bbox 448 615 514 663; x_wconf 89' lang='lat' dir='ltr'>ad</span> <span class='ocrx_word' id='word_1_43' title='bbox 539 615 735 663; x_wconf 89' lang='lat' dir='ltr'>caelum</span> <span class='ocrx_word' id='word_1_44' title='bbox 761 613 903 661; x_wconf 90' lang='lat' dir='ltr'>fertis</span> <span class='ocrx_word' id='word_1_45' title='bbox 929 626 1131 658; x_wconf 89' lang='lat' dir='ltr'>rumore</span> <span class='ocrx_word' id='word_1_46' title='bbox 1158 609 1396 669; x_wconf 87' lang='lat' dir='ltr'>secundo,</span> 
     </span>
    </p>

    <p class='ocr_par' dir='ltr' id='par_1_6' title="bbox 158 670 1740 814">
     <span class='ocr_line' id='line_1_8' title="bbox 158 670 1740 748; baseline -0.006 -16"><span class='ocrx_word' id='word_1_47' title='bbox 158 682 333 748; x_wconf 85' lang='lat' dir='ltr'>thue</span> <span class='ocrx_word' id='word_1_48' title='bbox 359 682 642 731; x_wconf 88' lang='lat' dir='ltr'>sacerdotis</span> <span class='ocrx_word' id='word_1_49' title='bbox 666 681 924 744; x_wconf 85' lang='lat' dir='ltr'>fugitivus</span> <span class='ocrx_word' id='word_1_50' title='bbox 949 679 1053 726; x_wconf 88' lang='lat' dir='ltr'>liba</span> <span class='ocrx_word' id='word_1_51' title='bbox 1078 693 1284 739; x_wconf 87' lang='lat' dir='ltr'>recuso;</span> <span class='ocrx_word' id='word_1_52' title='bbox 1680 670 1740 716; x_wconf 94' lang='grc'>10</span> 
     </span>
     <span class='ocr_line' id='line_1_9' title="bbox 162 745 1340 814; baseline -0.007 -13"><span class='ocrx_word' id='word_1_53' title='bbox 162 752 303 800; x_wconf 89' lang='lat' dir='ltr'>Pane</span> <span class='ocrx_word' id='word_1_54' title='bbox 328 766 454 814; x_wconf 87' lang='lat' dir='ltr'>egeo</span> <span class='ocrx_word' id='word_1_55' title='bbox 482 752 590 813; x_wconf 90' lang='lat' dir='ltr'>jam</span> <span class='ocrx_word' id='word_1_56' title='bbox 616 748 828 796; x_wconf 91' lang='lat' dir='ltr'>mellitis</span> <span class='ocrx_word' id='word_1_57' title='bbox 853 747 1050 810; x_wconf 88' lang='lat' dir='ltr'>potiore</span> <span class='ocrx_word' id='word_1_58' title='bbox 1075 745 1340 808; x_wconf 88' lang='lat' dir='ltr'>placentis.</span> 
     </span>
    </p>

    <p class='ocr_par' dir='ltr' id='par_1_7' title="bbox 163 815 1290 876">
     <span class='ocr_line' id='line_1_10' title="bbox 163 815 1290 876; baseline -0.007 -9"><span class='ocrx_word' id='word_1_59' title='bbox 163 819 353 867; x_wconf 81' lang='lat' dir='ltr'>Vivere</span> <span class='ocrx_word' id='word_1_60' title='bbox 378 824 590 869; x_wconf 87' lang='lat' dir='ltr'>naturae</span> <span class='ocrx_word' id='word_1_61' title='bbox 616 817 658 864; x_wconf 89' lang='lat' dir='ltr'>si</span> <span class='ocrx_word' id='word_1_62' title='bbox 685 815 1050 864; x_wconf 85' lang='lat' dir='ltr'>convenienter</span> <span class='ocrx_word' id='word_1_63' title='bbox 1074 817 1290 876; x_wconf 88' lang='lat' dir='ltr'>oportet,</span> 
     </span>
    </p>

    <p class='ocr_par' dir='ltr' id='par_1_8' title="bbox 162 879 1540 1015">
     <span class='ocr_line' id='line_1_11' title="bbox 163 879 1540 949; baseline -0.007 -14"><span class='ocrx_word' id='word_1_64' title='bbox 163 885 535 949; x_wconf 85' lang='lat' dir='ltr'>Ponendaeque</span> <span class='ocrx_word' id='word_1_65' title='bbox 559 885 712 932; x_wconf 90' lang='lat' dir='ltr'>domo</span> <span class='ocrx_word' id='word_1_66' title='bbox 739 882 1033 946; x_wconf 90' lang='lat' dir='ltr'>quaerenda</span> <span class='ocrx_word' id='word_1_67' title='bbox 1057 888 1137 928; x_wconf 88' lang='lat' dir='ltr'>est</span> <span class='ocrx_word' id='word_1_68' title='bbox 1162 895 1280 928; x_wconf 87' lang='lat' dir='ltr'>area</span> <span class='ocrx_word' id='word_1_69' title='bbox 1302 879 1540 942; x_wconf 89' lang='lat' dir='ltr'>primum,</span> 
     </span>
     <span class='ocr_line' id='line_1_12' title="bbox 162 946 1256 1015; baseline -0.006 -13"><span class='ocrx_word' id='word_1_70' title='bbox 162 953 435 1002; x_wconf 82' lang='lat' dir='ltr'>Novistine</span> <span class='ocrx_word' id='word_1_71' title='bbox 462 953 628 1000; x_wconf 91' lang='lat' dir='ltr'>locum</span> <span class='ocrx_word' id='word_1_72' title='bbox 654 952 903 1015; x_wconf 91' lang='lat' dir='ltr'>potiorem</span> <span class='ocrx_word' id='word_1_73' title='bbox 929 964 1042 997; x_wconf 89' lang='lat' dir='ltr'>rure</span> <span class='ocrx_word' id='word_1_74' title='bbox 1067 946 1256 996; x_wconf 84' lang='lat' dir='ltr'>beato?</span> 
     </span>
    </p>

    <p class='ocr_par' dir='ltr' id='par_1_9' title="bbox 165 1006 1743 1141">
     <span class='ocr_line' id='line_1_13' title="bbox 165 1006 1743 1084; baseline -0.006 -15"><span class='ocrx_word' id='word_1_75' title='bbox 165 1021 264 1070; x_wconf 90' lang='lat' dir='ltr'>Est</span> <span class='ocrx_word' id='word_1_76' title='bbox 288 1021 374 1068; x_wconf 90' lang='lat' dir='ltr'>ubi</span> <span class='ocrx_word' id='word_1_77' title='bbox 397 1019 513 1084; x_wconf 90' lang='lat' dir='ltr'>plus</span> <span class='ocrx_word' id='word_1_78' title='bbox 537 1023 749 1081; x_wconf 75' lang='lat' dir='ltr'>tepeant</span> <span class='ocrx_word' id='word_1_79' title='bbox 775 1018 982 1075; x_wconf 83' lang='lat' dir='ltr'>hiemes,</span> <span class='ocrx_word' id='word_1_80' title='bbox 1010 1016 1094 1063; x_wconf 88' lang='lat' dir='ltr'>ubi</span> <span class='ocrx_word' id='word_1_81' title='bbox 1123 1015 1318 1078; x_wconf 78' lang='lat' dir='ltr'>gratior</span> <span class='ocrx_word' id='word_1_82' title='bbox 1341 1030 1467 1062; x_wconf 89' lang='lat' dir='ltr'>aura</span> <span class='ocrx_word' id='word_1_83' title='bbox 1684 1006 1743 1055; x_wconf 86' lang='lat'>15</span> 
     </span>
     <span class='ocr_line' id='line_1_14' title="bbox 167 1082 1430 1141; baseline -0.006 -5"><span class='ocrx_word' id='word_1_84' title='bbox 167 1088 354 1136; x_wconf 90' lang='lat' dir='ltr'>Leniat</span> <span class='ocrx_word' id='word_1_85' title='bbox 376 1095 429 1135; x_wconf 92' lang='lat' dir='ltr'>et</span> <span class='ocrx_word' id='word_1_86' title='bbox 454 1087 646 1134; x_wconf 84' lang='lat' dir='ltr'>rabiem</span> <span class='ocrx_word' id='word_1_87' title='bbox 677 1086 836 1134; x_wconf 86' lang='lat' dir='ltr'>Canis</span> <span class='ocrx_word' id='word_1_88' title='bbox 862 1090 915 1132; x_wconf 90' lang='lat' dir='ltr'>et</span> <span class='ocrx_word' id='word_1_89' title='bbox 939 1089 1200 1131; x_wconf 90' lang='lat' dir='ltr'>momenta</span> <span class='ocrx_word' id='word_1_90' title='bbox 1225 1082 1430 1141; x_wconf 84' lang='lat' dir='ltr'>Leonis,</span> 
     </span>
    </p>

    <p class='ocr_par' dir='ltr' id='par_1_10' title="bbox 164 1148 1502 1216">
     <span class='ocr_line' id='line_1_15' title="bbox 164 1148 1502 1216; baseline -0.006 -12"><span class='ocrx_word' id='word_1_91' title='bbox 164 1156 296 1204; x_wconf 86' lang='lat' dir='ltr'>Cum</span> <span class='ocrx_word' id='word_1_92' title='bbox 322 1154 478 1203; x_wconf 90' lang='lat' dir='ltr'>semel</span> <span class='ocrx_word' id='word_1_93' title='bbox 504 1154 698 1216; x_wconf 88' lang='lat' dir='ltr'>accepit</span> <span class='ocrx_word' id='word_1_94' title='bbox 728 1152 899 1200; x_wconf 88' lang='lat' dir='ltr'>Solem</span> <span class='ocrx_word' id='word_1_95' title='bbox 925 1151 1230 1199; x_wconf 90' lang='lat' dir='ltr'>furibundus</span> <span class='ocrx_word' id='word_1_96' title='bbox 1260 1148 1502 1197; x_wconf 82' lang='lat' dir='ltr'>acutum?</span> 
     </span>
    </p>

    <p class='ocr_par' dir='ltr' id='par_1_11' title="bbox 168 1215 1435 1271">
     <span class='ocr_line' id='line_1_16' title="bbox 168 1215 1435 1271; baseline -0.006 0"><span class='ocrx_word' id='word_1_97' title='bbox 168 1222 266 1271; x_wconf 87' lang='lat' dir='ltr'>Est</span> <span class='ocrx_word' id='word_1_98' title='bbox 289 1222 376 1270; x_wconf 90' lang='lat' dir='ltr'>ubi</span> <span class='ocrx_word' id='word_1_99' title='bbox 401 1221 615 1270; x_wconf 90' lang='lat' dir='ltr'>divellat</span> <span class='ocrx_word' id='word_1_100' title='bbox 641 1234 850 1267; x_wconf 80' lang='lat' dir='ltr'>somnos</span> <span class='ocrx_word' id='word_1_101' title='bbox 876 1219 1048 1266; x_wconf 91' lang='lat' dir='ltr'>minus</span> <span class='ocrx_word' id='word_1_102' title='bbox 1074 1218 1252 1264; x_wconf 89' lang='lat' dir='ltr'>invida</span> <span class='ocrx_word' id='word_1_103' title='bbox 1276 1215 1435 1265; x_wconf 86' lang='lat' dir='ltr'>cura?</span> 
     </span>
    </p>

    <p class='ocr_par' dir='ltr' id='par_1_12' title="bbox 170 1282 1489 1352">
     <span class='ocr_line' id='line_1_17' title="bbox 170 1282 1489 1352; baseline -0.006 -14"><span class='ocrx_word' id='word_1_104' title='bbox 170 1290 412 1338; x_wconf 90' lang='lat' dir='ltr'>Deterius</span> <span class='ocrx_word' id='word_1_105' title='bbox 438 1288 654 1352; x_wconf 79' lang='lat' dir='ltr'>Libycis</span> <span class='ocrx_word' id='word_1_106' title='bbox 679 1287 782 1335; x_wconf 88' lang='lat' dir='ltr'>olet</span> <span class='ocrx_word' id='word_1_107' title='bbox 809 1291 897 1333; x_wconf 80' lang='lat' dir='ltr'>aut</span> <span class='ocrx_word' id='word_1_108' title='bbox 921 1286 1053 1333; x_wconf 89' lang='lat' dir='ltr'>nitet</span> <span class='ocrx_word' id='word_1_109' title='bbox 1078 1284 1237 1332; x_wconf 85' lang='lat' dir='ltr'>herba</span> <span class='ocrx_word' id='word_1_110' title='bbox 1261 1282 1489 1347; x_wconf 82' lang='lat' dir='ltr'>lapillis?</span> 
     </span>
    </p>

    <p class='ocr_par' dir='ltr' id='par_1_13' title="bbox 168 1341 1749 1688">
     <span class='ocr_line' id='line_1_18' title="bbox 168 1341 1749 1418; baseline -0.007 -13"><span class='ocrx_word' id='word_1_111' title='bbox 168 1357 354 1407; x_wconf 90' lang='lat' dir='ltr'>Purior</span> <span class='ocrx_word' id='word_1_112' title='bbox 377 1357 429 1403; x_wconf 91' lang='lat' dir='ltr'>in</span> <span class='ocrx_word' id='word_1_113' title='bbox 452 1355 583 1404; x_wconf 89' lang='lat' dir='ltr'>vicis</span> <span class='ocrx_word' id='word_1_114' title='bbox 609 1370 742 1418; x_wconf 88' lang='lat' dir='ltr'>aqua</span> <span class='ocrx_word' id='word_1_115' title='bbox 768 1354 936 1401; x_wconf 89' lang='lat' dir='ltr'>tendit</span> <span class='ocrx_word' id='word_1_116' title='bbox 961 1367 1195 1416; x_wconf 87' lang='lat' dir='ltr'>rumpere</span> <span class='ocrx_word' id='word_1_117' title='bbox 1221 1352 1502 1415; x_wconf 89' lang='lat' dir='ltr'>plumbum,</span> <span class='ocrx_word' id='word_1_118' title='bbox 1683 1341 1749 1392; x_wconf 77' lang='lat'>20</span> 
     </span>
     <span class='ocr_line' id='line_1_19' title="bbox 170 1415 1741 1487; baseline -0.003 -15"><span class='ocrx_word' id='word_1_119' title='bbox 170 1425 336 1486; x_wconf 82' lang='lat' dir='ltr'>Quam</span> <span class='ocrx_word' id='word_1_120' title='bbox 361 1437 492 1487; x_wconf 88' lang='lat' dir='ltr'>quae</span> <span class='ocrx_word' id='word_1_121' title='bbox 516 1437 606 1486; x_wconf 90' lang='lat' dir='ltr'>per</span> <span class='ocrx_word' id='word_1_122' title='bbox 629 1437 847 1485; x_wconf 91' lang='lat' dir='ltr'>pronum</span> <span class='ocrx_word' id='word_1_123' title='bbox 874 1420 1099 1484; x_wconf 88' lang='lat' dir='ltr'>trepidat</span> <span class='ocrx_word' id='word_1_124' title='bbox 1116 1435 1231 1468; x_wconf 90' lang='lat' dir='ltr'>cum</span> <span class='ocrx_word' id='word_1_125' title='bbox 1253 1433 1511 1466; x_wconf 90' lang='lat' dir='ltr'>murmure</span> <span class='ocrx_word' id='word_1_126' title='bbox 1534 1415 1741 1467; x_wconf 78' lang='lat' dir='ltr'>rivum?</span> 
     </span>
     <span class='ocr_line' id='line_1_20' title="bbox 170 1487 1434 1555; baseline -0.006 -15"><span class='ocrx_word' id='word_1_127' title='bbox 170 1491 366 1555; x_wconf 86' lang='lat' dir='ltr'>Nempe</span> <span class='ocrx_word' id='word_1_128' title='bbox 393 1491 524 1538; x_wconf 90' lang='lat' dir='ltr'>inter</span> <span class='ocrx_word' id='word_1_129' title='bbox 548 1490 719 1537; x_wconf 88' lang='lat' dir='ltr'>varias</span> <span class='ocrx_word' id='word_1_130' title='bbox 745 1489 969 1535; x_wconf 86' lang='lat' dir='ltr'>nutritur</span> <span class='ocrx_word' id='word_1_131' title='bbox 995 1488 1129 1535; x_wconf 90' lang='lat' dir='ltr'>silva</span> <span class='ocrx_word' id='word_1_132' title='bbox 1154 1487 1434 1544; x_wconf 82' lang='lat' dir='ltr'>columnaS,</span> 
     </span>
     <span class='ocr_line' id='line_1_21' title="bbox 170 1554 1575 1621; baseline -0.004 -14"><span class='ocrx_word' id='word_1_133' title='bbox 170 1558 536 1621; x_wconf 87' lang='lat' dir='ltr'>Laudaturque</span> <span class='ocrx_word' id='word_1_134' title='bbox 563 1557 746 1604; x_wconf 91' lang='lat' dir='ltr'>domus</span> <span class='ocrx_word' id='word_1_135' title='bbox 771 1556 954 1618; x_wconf 89' lang='lat' dir='ltr'>longos</span> <span class='ocrx_word' id='word_1_136' title='bbox 980 1571 1111 1618; x_wconf 89' lang='lat' dir='ltr'>quae</span> <span class='ocrx_word' id='word_1_137' title='bbox 1135 1554 1382 1618; x_wconf 86' lang='lat' dir='ltr'>prospicit</span> <span class='ocrx_word' id='word_1_138' title='bbox 1408 1567 1575 1615; x_wconf 86' lang='lat' dir='ltr'>agros.</span> 
     </span>
     <span class='ocr_line' id='line_1_22' title="bbox 170 1624 1506 1688; baseline -0.004 -15"><span class='ocrx_word' id='word_1_139' title='bbox 170 1625 427 1678; x_wconf 84' lang='lat' dir='ltr'>Naturam</span> <span class='ocrx_word' id='word_1_140' title='bbox 451 1625 676 1688; x_wconf 87' lang='lat' dir='ltr'>expellas</span> <span class='ocrx_word' id='word_1_141' title='bbox 701 1624 855 1682; x_wconf 87' lang='lat' dir='ltr'>furca,</span> <span class='ocrx_word' id='word_1_142' title='bbox 883 1628 1058 1670; x_wconf 90' lang='lat' dir='ltr'>tamen</span> <span class='ocrx_word' id='word_1_143' title='bbox 1083 1637 1243 1685; x_wconf 86' lang='lat' dir='ltr'>usque</span> <span class='ocrx_word' id='word_1_144' title='bbox 1269 1625 1506 1680; x_wconf 87' lang='lat' dir='ltr'>recurret,</span> 
     </span>
    </p>

    <p class='ocr_par' dir='ltr' id='par_1_14' title="bbox 172 1689 1748 1756">
     <span class='ocr_line' id='line_1_23' title="bbox 172 1689 1748 1756; baseline -0.003 -14"><span class='ocrx_word' id='word_1_145' title='bbox 172 1693 243 1744; x_wconf 83' lang='lat' dir='ltr'>Et</span> <span class='ocrx_word' id='word_1_146' title='bbox 266 1693 403 1740; x_wconf 88' lang='lat' dir='ltr'>mala</span> <span class='ocrx_word' id='word_1_147' title='bbox 424 1696 719 1756; x_wconf 86' lang='lat' dir='ltr'>perrumpet</span> <span class='ocrx_word' id='word_1_148' title='bbox 744 1691 921 1738; x_wconf 85' lang='lat' dir='ltr'>furtim</span> <span class='ocrx_word' id='word_1_149' title='bbox 947 1690 1154 1737; x_wconf 88' lang='lat' dir='ltr'>fastidia</span> <span class='ocrx_word' id='word_1_150' title='bbox 1182 1689 1380 1737; x_wconf 83' lang='lat' dir='ltr'>victrix.</span> <span class='ocrx_word' id='word_1_151' title='bbox 1686 1689 1748 1737; x_wconf 82' lang='lat'>25</span> 
     </span>
    </p>
   </div>
   <div class='ocr_carea' id='block_1_3' title="bbox 173 1825 1758 2763">
    <p class='ocr_par' dir='ltr' id='par_1_15' title="bbox 173 1825 1758 2763">
     <span class='ocr_line' id='line_1_24' title="bbox 240 1825 1458 1891; baseline -0.006 -14"><span class='ocrx_word' id='word_1_152' title='bbox 240 1827 375 1886; x_wconf 92' lang='lat' dir='ltr'>Non,</span> <span class='ocrx_word' id='word_1_153' title='bbox 401 1826 486 1891; x_wconf 89' lang='lat' dir='ltr'>qui</span> <span class='ocrx_word' id='word_1_154' title='bbox 515 1825 725 1874; x_wconf 87' lang='lat' dir='ltr'>Sidonio</span> <span class='ocrx_word' id='word_1_155' title='bbox 752 1825 1055 1874; x_wconf 85' lang='lat' dir='ltr'>contendere</span> <span class='ocrx_word' id='word_1_156' title='bbox 1081 1825 1294 1873; x_wconf 89' lang='lat' dir='ltr'>callidus</span> <span class='ocrx_word' id='word_1_157' title='bbox 1319 1827 1458 1871; x_wconf 90' lang='lat' dir='ltr'>ostro</span> 
     </span>
     <span class='ocr_line' id='line_1_25' title="bbox 173 1892 1379 1957; baseline -0.005 -13"><span class='ocrx_word' id='word_1_158' title='bbox 173 1895 354 1945; x_wconf 85' lang='lat' dir='ltr'>Nescit</span> <span class='ocrx_word' id='word_1_159' title='bbox 379 1895 691 1957; x_wconf 84' lang='lat' dir='ltr'>Aquinatem</span> <span class='ocrx_word' id='word_1_160' title='bbox 719 1894 953 1956; x_wconf 89' lang='lat' dir='ltr'>potantia</span> <span class='ocrx_word' id='word_1_161' title='bbox 978 1892 1168 1940; x_wconf 86' lang='lat' dir='ltr'>vellera</span> <span class='ocrx_word' id='word_1_162' title='bbox 1193 1892 1379 1949; x_wconf 87' lang='lat' dir='ltr'>fucum,</span> 
     </span>
     <span class='ocr_line' id='line_1_26' title="bbox 176 1958 1476 2024; baseline -0.005 -12"><span class='ocrx_word' id='word_1_163' title='bbox 176 1962 380 2012; x_wconf 87' lang='lat' dir='ltr'>Certius</span> <span class='ocrx_word' id='word_1_164' title='bbox 405 1961 621 2024; x_wconf 89' lang='lat' dir='ltr'>accipiet</span> <span class='ocrx_word' id='word_1_165' title='bbox 645 1961 889 2008; x_wconf 90' lang='lat' dir='ltr'>damnum</span> <span class='ocrx_word' id='word_1_166' title='bbox 914 1960 1193 2023; x_wconf 88' lang='lat' dir='ltr'>propiusve</span> <span class='ocrx_word' id='word_1_167' title='bbox 1219 1958 1476 2018; x_wconf 88' lang='lat' dir='ltr'>medullis,</span> 
     </span>
     <span class='ocr_line' id='line_1_27' title="bbox 175 2026 1516 2092; baseline -0.004 -15"><span class='ocrx_word' id='word_1_168' title='bbox 175 2030 343 2092; x_wconf 84' lang='lat' dir='ltr'>Quam</span> <span class='ocrx_word' id='word_1_169' title='bbox 369 2029 457 2091; x_wconf 93' lang='lat' dir='ltr'>qui</span> <span class='ocrx_word' id='word_1_170' title='bbox 482 2043 582 2076; x_wconf 91' lang='lat' dir='ltr'>non</span> <span class='ocrx_word' id='word_1_171' title='bbox 609 2028 798 2091; x_wconf 90' lang='lat' dir='ltr'>poterit</span> <span class='ocrx_word' id='word_1_172' title='bbox 824 2042 944 2075; x_wconf 89' lang='lat' dir='ltr'>vero</span> <span class='ocrx_word' id='word_1_173' title='bbox 971 2027 1286 2089; x_wconf 88' lang='lat' dir='ltr'>distinguere</span> <span class='ocrx_word' id='word_1_174' title='bbox 1313 2026 1516 2073; x_wconf 85' lang='lat' dir='ltr'>falsum.</span> 
     </span>
     <span class='ocr_line' id='line_1_28' title="bbox 178 2093 1756 2159; baseline -0.002 -15"><span class='ocrx_word' id='word_1_175' title='bbox 178 2098 341 2159; x_wconf 80' lang='lat' dir='ltr'>Quem</span> <span class='ocrx_word' id='word_1_176' title='bbox 367 2110 449 2144; x_wconf 85' lang='lat' dir='ltr'>res</span> <span class='ocrx_word' id='word_1_177' title='bbox 473 2096 590 2159; x_wconf 90' lang='lat' dir='ltr'>plus</span> <span class='ocrx_word' id='word_1_178' title='bbox 615 2095 773 2143; x_wconf 91' lang='lat' dir='ltr'>nimio</span> <span class='ocrx_word' id='word_1_179' title='bbox 798 2095 1113 2143; x_wconf 87' lang='lat' dir='ltr'>delectavere</span> <span class='ocrx_word' id='word_1_180' title='bbox 1141 2093 1407 2152; x_wconf 90' lang='lat' dir='ltr'>secundae,</span> <span class='ocrx_word' id='word_1_181' title='bbox 1692 2093 1756 2141; x_wconf 88' lang='lat'>30</span> 
     </span>
     <span class='ocr_line' id='line_1_29' title="bbox 175 2162 1431 2226; baseline -0.003 -15"><span class='ocrx_word' id='word_1_182' title='bbox 175 2163 408 2211; x_wconf 86' lang='lat' dir='ltr'>Mutatae</span> <span class='ocrx_word' id='word_1_183' title='bbox 435 2163 681 2226; x_wconf 88' lang='lat' dir='ltr'>quatient.</span> <span class='ocrx_word' id='word_1_184' title='bbox 758 2162 811 2210; x_wconf 85' lang='lat' dir='ltr'>Si</span> <span class='ocrx_word' id='word_1_185' title='bbox 836 2162 957 2226; x_wconf 92' lang='lat' dir='ltr'>quid</span> <span class='ocrx_word' id='word_1_186' title='bbox 984 2162 1245 2221; x_wconf 88' lang='lat' dir='ltr'>mirabere,</span> <span class='ocrx_word' id='word_1_187' title='bbox 1272 2175 1431 2225; x_wconf 91' lang='lat' dir='ltr'>pones</span> 
     </span>
     <span class='ocr_line' id='line_1_30' title="bbox 177 2228 1545 2292; baseline -0.004 -13"><span class='ocrx_word' id='word_1_188' title='bbox 177 2231 397 2279; x_wconf 85' lang='lat' dir='ltr'>Invitus.</span> <span class='ocrx_word' id='word_1_189' title='bbox 472 2230 616 2292; x_wconf 81' lang='lat' dir='ltr'>Fuge</span> <span class='ocrx_word' id='word_1_190' title='bbox 642 2245 858 2292; x_wconf 86' lang='lat' dir='ltr'>magna:</span> <span class='ocrx_word' id='word_1_191' title='bbox 897 2229 1015 2276; x_wconf 78' lang='lat' dir='ltr'>lIcet</span> <span class='ocrx_word' id='word_1_192' title='bbox 1040 2228 1133 2276; x_wconf 92' lang='lat' dir='ltr'>sub</span> <span class='ocrx_word' id='word_1_193' title='bbox 1158 2243 1382 2292; x_wconf 90' lang='lat' dir='ltr'>paupere</span> <span class='ocrx_word' id='word_1_194' title='bbox 1407 2230 1545 2275; x_wconf 90' lang='lat' dir='ltr'>tecto</span> 
     </span>
     <span class='ocr_line' id='line_1_31' title="bbox 178 2296 1500 2360; baseline -0.003 -14"><span class='ocrx_word' id='word_1_195' title='bbox 178 2298 353 2360; x_wconf 81' lang='lat' dir='ltr'>Reges</span> <span class='ocrx_word' id='word_1_196' title='bbox 376 2303 428 2344; x_wconf 89' lang='lat' dir='ltr'>et</span> <span class='ocrx_word' id='word_1_197' title='bbox 457 2312 635 2359; x_wconf 87' lang='lat' dir='ltr'>regum</span> <span class='ocrx_word' id='word_1_198' title='bbox 662 2298 772 2344; x_wconf 86' lang='lat' dir='ltr'>vita</span> <span class='ocrx_word' id='word_1_199' title='bbox 795 2311 1117 2359; x_wconf 83' lang='lat' dir='ltr'>praecurrere</span> <span class='ocrx_word' id='word_1_200' title='bbox 1146 2296 1349 2343; x_wconf 77' lang='lat' dir='ltr'>amieos</span> <span class='ocrx_word' id='word_1_201' title='bbox 1495 2346 1500 2350; x_wconf 64' lang='grc'><em>,</em></span> 
     </span>
     <span class='ocr_line' id='line_1_32' title="bbox 179 2361 1566 2427; baseline -0.003 -15"><span class='ocrx_word' id='word_1_202' title='bbox 179 2365 375 2413; x_wconf 83' lang='lat' dir='ltr'>Cervus</span> <span class='ocrx_word' id='word_1_203' title='bbox 400 2380 585 2427; x_wconf 90' lang='lat' dir='ltr'>equum</span> <span class='ocrx_word' id='word_1_204' title='bbox 611 2380 786 2427; x_wconf 88' lang='lat' dir='ltr'>pugna</span> <span class='ocrx_word' id='word_1_205' title='bbox 812 2364 988 2411; x_wconf 90' lang='lat' dir='ltr'>melior</span> <span class='ocrx_word' id='word_1_206' title='bbox 1013 2364 1368 2411; x_wconf 88' lang='lat' dir='ltr'>communibus</span> <span class='ocrx_word' id='word_1_207' title='bbox 1394 2361 1566 2409; x_wconf 87' lang='lat' dir='ltr'>herbis</span> 
     </span>
     <span class='ocr_line' id='line_1_33' title="bbox 179 2427 1758 2492; baseline -0.003 -13"><span class='ocrx_word' id='word_1_208' title='bbox 179 2432 426 2488; x_wconf 89' lang='lat' dir='ltr'>Pellebat,</span> <span class='ocrx_word' id='word_1_209' title='bbox 454 2432 615 2479; x_wconf 89' lang='lat' dir='ltr'>donec</span> <span class='ocrx_word' id='word_1_210' title='bbox 641 2432 805 2478; x_wconf 90' lang='lat' dir='ltr'>minor</span> <span class='ocrx_word' id='word_1_211' title='bbox 830 2431 879 2478; x_wconf 92' lang='lat' dir='ltr'>in</span> <span class='ocrx_word' id='word_1_212' title='bbox 907 2431 1181 2479; x_wconf 88' lang='lat' dir='ltr'>certamine</span> <span class='ocrx_word' id='word_1_213' title='bbox 1208 2431 1362 2492; x_wconf 81' lang='lat' dir='ltr'>longo</span> <span class='ocrx_word' id='word_1_214' title='bbox 1698 2427 1758 2474; x_wconf 87' lang='lat'>35</span> 
     </span>
     <span class='ocr_line' id='line_1_34' title="bbox 179 2497 1445 2562; baseline -0.003 -15"><span class='ocrx_word' id='word_1_215' title='bbox 179 2498 482 2562; x_wconf 86' lang='lat' dir='ltr'>Imploravit</span> <span class='ocrx_word' id='word_1_216' title='bbox 508 2514 630 2561; x_wconf 89' lang='lat' dir='ltr'>opes</span> <span class='ocrx_word' id='word_1_217' title='bbox 658 2499 878 2545; x_wconf 86' lang='lat' dir='ltr'>hominis</span> <span class='ocrx_word' id='word_1_218' title='bbox 906 2499 1201 2560; x_wconf 85' lang='lat' dir='ltr'>frenumque</span> <span class='ocrx_word' id='word_1_219' title='bbox 1228 2497 1445 2559; x_wconf 90' lang='lat' dir='ltr'>recepit;</span> 
     </span>
     <span class='ocr_line' id='line_1_35' title="bbox 179 2564 1531 2629; baseline -0.003 -15"><span class='ocrx_word' id='word_1_220' title='bbox 179 2565 279 2614; x_wconf 79' lang='lat' dir='ltr'>Sed</span> <span class='ocrx_word' id='word_1_221' title='bbox 304 2571 578 2629; x_wconf 89' lang='lat' dir='ltr'>postquam</span> <span class='ocrx_word' id='word_1_222' title='bbox 607 2566 769 2613; x_wconf 89' lang='lat' dir='ltr'>victor</span> <span class='ocrx_word' id='word_1_223' title='bbox 795 2565 992 2612; x_wconf 88' lang='lat' dir='ltr'>violens</span> <span class='ocrx_word' id='word_1_224' title='bbox 1018 2565 1254 2613; x_wconf 81' lang='lat' dir='ltr'>discessit</span> <span class='ocrx_word' id='word_1_225' title='bbox 1280 2565 1342 2611; x_wconf 89' lang='lat' dir='ltr'>ab</span> <span class='ocrx_word' id='word_1_226' title='bbox 1371 2564 1531 2621; x_wconf 89' lang='lat' dir='ltr'>hoste,</span> 
     </span>
     <span class='ocr_line' id='line_1_36' title="bbox 179 2632 1439 2695; baseline -0.003 -15"><span class='ocrx_word' id='word_1_227' title='bbox 179 2633 297 2681; x_wconf 91' lang='lat' dir='ltr'>Non</span> <span class='ocrx_word' id='word_1_228' title='bbox 322 2634 545 2695; x_wconf 86' lang='lat' dir='ltr'>equitem</span> <span class='ocrx_word' id='word_1_229' title='bbox 572 2632 738 2690; x_wconf 87' lang='lat' dir='ltr'>dorso,</span> <span class='ocrx_word' id='word_1_230' title='bbox 768 2647 869 2679; x_wconf 93' lang='lat' dir='ltr'>non</span> <span class='ocrx_word' id='word_1_231' title='bbox 896 2633 1092 2679; x_wconf 88' lang='lat' dir='ltr'>frenum</span> <span class='ocrx_word' id='word_1_232' title='bbox 1119 2632 1314 2695; x_wconf 87' lang='lat' dir='ltr'>depulit</span> <span class='ocrx_word' id='word_1_233' title='bbox 1341 2646 1439 2678; x_wconf 86' lang='lat' dir='ltr'>ore.</span> 
     </span>
     <span class='ocr_line' id='line_1_37' title="bbox 179 2699 1389 2763; baseline -0.002 -16"><span class='ocrx_word' id='word_1_234' title='bbox 179 2699 263 2748; x_wconf 87' lang='lat' dir='ltr'>Sic</span> <span class='ocrx_word' id='word_1_235' title='bbox 289 2700 376 2762; x_wconf 91' lang='lat' dir='ltr'>qui</span> <span class='ocrx_word' id='word_1_236' title='bbox 403 2700 695 2762; x_wconf 89' lang='lat' dir='ltr'>pauperiem</span> <span class='ocrx_word' id='word_1_237' title='bbox 723 2700 917 2747; x_wconf 89' lang='lat' dir='ltr'>veritus</span> <span class='ocrx_word' id='word_1_238' title='bbox 942 2700 1139 2763; x_wconf 86' lang='lat' dir='ltr'>potiore</span> <span class='ocrx_word' id='word_1_239' title='bbox 1167 2699 1389 2746; x_wconf 89' lang='lat' dir='ltr'>metallis</span> 
     </span>
    </p>
   </div>
   <div class='ocr_carea' id='block_1_4' title="bbox 189 2826 1739 2880">
    <p class='ocr_par' dir='ltr' id='par_1_16' title="bbox 189 2826 1739 2880">
     <span class='ocr_line' id='line_1_38' title="bbox 189 2826 1739 2880; baseline -0.003 -14"><span class='ocrx_word' id='word_1_240' title='bbox 189 2830 212 2866; x_wconf 76' lang='lat'><strong>9</strong></span> <span class='ocrx_word' id='word_1_241' title='bbox 232 2829 380 2866; x_wconf 73' lang='lat' dir='ltr'>effertis</span> <span class='ocrx_word' id='word_1_242' title='bbox 411 2830 457 2865; x_wconf 87' lang='grc'>18</span> <span class='ocrx_word' id='word_1_243' title='bbox 478 2830 656 2879; x_wconf 82' lang='lat' dir='ltr'>depellat</span> <span class='ocrx_word' id='word_1_244' title='bbox 681 2830 731 2866; x_wconf 83' lang='lat'>24</span> <span class='ocrx_word' id='word_1_245' title='bbox 750 2830 927 2880; x_wconf 81' lang='lat' dir='ltr'>expelles</span> <span class='ocrx_word' id='word_1_246' title='bbox 955 2830 1003 2866; x_wconf 84' lang='lat'>25</span> <span class='ocrx_word' id='word_1_247' title='bbox 1023 2829 1201 2877; x_wconf 79' lang='lat' dir='ltr'>fastigia,</span> <span class='ocrx_word' id='word_1_248' title='bbox 1222 2828 1397 2876; x_wconf 84' lang='lat' dir='ltr'>vestigia</span> <span class='ocrx_word' id='word_1_249' title='bbox 1424 2828 1471 2863; x_wconf 87' lang='grc'>28</span> <span class='ocrx_word' id='word_1_250' title='bbox 1490 2826 1739 2877; x_wconf 78' lang='lat' dir='ltr'>propiusque</span> 
     </span>
    </p>
   </div>
  </div>
 </body>
</html>
