1878 3054
706 134 831 174 Lm.
870 135 911 173 1.
952 121 1134 173 23-25
1629 121 1701 175 35

330 269 513 319 Multis
538 269 622 317 ille
646 268 794 316 bonis
818 267 1002 316 flebilis
1028 267 1228 326 occidit,

216 344 235 353 “
329 337 473 386 Nulli
498 336 714 384 flebilior
738 351 892 399 quam
916 335 1026 394 tibi,
1055 335 1270 398 Vergili.
1638 338 1700 387 10

334 405 415 454 Tu
440 406 630 453 frustra
654 404 773 467 pius
798 403 899 451 heu
923 418 1025 450 non
1051 402 1126 450 ita
1149 403 1396 451 creditum

467 473 647 521 Poscis
686 471 994 533 Quintilium
1029 471 1166 518 deos.

332 541 470 603 Quid
495 540 537 588 si
563 540 800 588 Threicio
828 539 1066 586 blandius
1093 538 1298 602 Orpheo

330 609 585 656 Auditam
610 608 870 656 moderere
900 607 1166 665 arboribus
1194 604 1374 655 fidem?

331 675 471 724 Num
498 692 662 724 vanae
687 677 863 724 redeat
889 676 1104 739 sanguis
1129 676 1357 739 imagini,
1635 675 1696 723 15

470 745 637 806 Quam
649 745 812 807 -virga
838 745 995 792 semel
1022 743 1240 803 horrida,

331 810 453 860 Non
476 812 607 860 lenis
630 813 865 875 precibus
893 813 1001 860 fata
1026 812 1296 871 recludere,

332 878 500 942 Nigro
524 881 827 943 compulerit
854 880 1141 928 Mercurius
1166 877 1353 943 gregi?

331 945 563 996 Durum:
601 948 692 996 sed
717 948 881 995 levius
907 948 962 996 fit
985 947 1237 1011 patientia

468 1015 722 1079 Quicquid
747 1016 999 1079 corrigere
1025 1019 1106 1063 est
1129 1015 1286 1063 nefas.
1633 1011 1697 1059 20

829 1182 1012 1231 XXV.

332 1284 545 1334 Parcius
561 1287 769 1348 junctas
794 1287 1038 1350 quatiunt
1062 1287 1315 1335 fenestras

330 1352 527 1401 Ictibus
552 1354 741 1402 crebris
759 1354 979 1416 juvenes
1005 1355 1244 1418 protervi,

331 1419 383 1468 N
385 1435 443 1469 ec
466 1421 562 1469 tibi
587 1437 794 1470 somnos
823 1423 1070 1483 adimunt,
1099 1427 1340 1486 amatque

595 1490 631 1538 J
636 1504 770 1538 anua
806 1490 976 1550 limen,

331 1555 475 1618 Quae
498 1556 642 1619 prius
667 1557 888 1606 multum
916 1558 1078 1607 facilis
1103 1558 1345 1607 movebat
1666 1550 1696 1598 5

332 1622 613 1686 Cardines3
650 1625 798 1673 audis
827 1626 998 1674 minus
1022 1631 1076 1674 et
1098 1626 1268 1673 minus
1284 1626 1423 1688 jam:

330 1693 361 1715 ‘⁶
377 1690 464 1739 Me
489 1695 579 1740 tuo
604 1691 786 1755 longas
816 1699 1059 1756 pereunte
1083 1698 1274 1753 nocteS,

603 1760 788 1823 Lydia,
830 1759 1103 1809 dormis?’'

330 1825 560 1874 Invicem
583 1828 824 1876 moechos
853 1843 982 1876 anus
1008 1832 1308 1892 arrogantes

332 1892 507 1941 Flebis
533 1893 586 1941 in
611 1895 720 1943 solo
747 1895 878 1944 levis
905 1897 1194 1960 angiportu,
1636 1886 1698 1935 10

334 1959 552 2009 Thracio
577 1961 857 2012 bacchante
883 1965 1051 2028 magis
1073 1964 1171 2012 sub
1194 1964 1346 2012 inter-

599 2030 741 2079 lunia
778 2037 946 2090 vent0‚

333 2094 465 2145 Cum
490 2097 584 2146 tibi
610 2098 836 2162 flagrans
865 2115 1020 2159 amor,
1047 2105 1100 2149 et
1123 2099 1282 2149 libido

332 2163 476 2225 Quae
501 2166 632 2214 solet
656 2173 848 2216 matres
875 2168 1061 2216 furiare
1086 2183 1346 2231 equorum,

335 2229 543 2281 Saeviet
566 2234 700 2282 circa
717 2237 861 2298 jecur
888 2236 1190 2296 ulcerosum,
1634 2244 1694 2292 15

601 2301 721 2350 Non
759 2304 866 2353 sine
903 2310 1102 2369 questu,

335 2365 499 2416 Laeta
522 2371 656 2433 quod
683 2372 845 2435 pubes
873 2371 1062 2421 hedera
1087 2371 1273 2421 virenti

334 2433 571 2485 Gaudeat
595 2439 736 2501 pulla
764 2441 931 2503 magis
958 2445 1110 2504 atque
1137 2445 1321 2503 myrtO,

334 2501 527 2552 Aridas
553 2506 759 2555 frondes
788 2507 972 2556 hiemis
997 2508 1161 2556 sodali

606 2573 822 2622 Dedicet
862 2574 1050 2623 Hebro.
1631 2581 1693 2628 20

100 2675 145 2715 n
159 2674 307 2726 virgili
455 2676 500 2715 13
518 2676 626 2726 qnod
644 2676 678 2713 si
834 2678 880 2714 15
900 2689 979 2714 non
1134 2678 1181 2715 18
1202 2679 1329 2726 gregi.
1474 2680 1498 2717 2
1517 2681 1689 2718 iactibue

224 2727 248 2765 5
266 2727 404 2765 raone·
508 2728 554 2766 17
577 2728 730 2764 virente
831 2728 879 2764 20
901 2727 1008 2765 Euro
1027 2741 1047 2765 ο
1065 2730 1166 2765 coni.
1187 2728 1251 2776 B„
1272 2730 1340 2775 H„
1362 2729 1481 2776 Mur..
1500 2731 1548 2769 P.
