1878 3054
770 167 894 207 ms.
935 168 1003 207 11.
1043 156 1076 206 3
1607 157 1711 211 171

142 301 222 350 Tu
245 317 367 350 cave
390 316 453 350 ne
477 301 695 360 minuas,
722 307 781 350 tu
805 317 867 350 ne
893 303 1060 364 majus
1086 302 1244 351 facias
1269 303 1321 351 id

143 370 287 431 Quod
316 369 447 416 satis
468 384 581 417 esse
606 375 754 432 put-at
778 375 924 432 pater
949 375 1000 417 et
1025 376 1209 417 natura
1234 375 1442 421 coercet.

143 437 415 485 Praeterea
440 451 501 484 ne
527 452 621 484 vos
645 437 823 484 titillet
850 437 1038 494 Gloria,
1058 439 1171 499 Jure

141 504 373 553 Jurando
398 503 719 565 obstringam
746 505 926 553 ambo:
965 510 1078 553 uter
1104 506 1285 553 aedilis
1312 506 1529 554 fueritve
1625 511 1718 559 180

142 571 387 620 Vestrum
413 582 633 633 praetor,
660 572 704 619 is
731 572 1044 620 intestabilis
1069 578 1121 621 et
1146 588 1289 621 sacer
1314 579 1439 622 esto.

142 640 204 689 In
228 639 385 687 cicere
412 645 565 702 atque
592 640 709 687 faba
735 640 869 687 bona
893 645 951 687 tu
975 641 1260 704 perdasque
1286 641 1490 704 lupinis,

142 707 308 755 Latus
332 713 391 754 ut
414 706 466 754 in
495 707 643 756 Circo
669 708 890 770 spatiere
916 713 969 755 et
994 714 1181 756 aeneus
1207 714 1265 756 ut
1290 714 1409 766 stes,

141 774 326 822 Nudus
351 774 502 836 agria
531 775 701 822 nudus
721 776 959 832 nummis,
988 776 1180 834 insane,
1206 775 1474 839 paternis?

144 842 349 891 Scilicet
374 849 431 889 ut
452 843 680 904 plausus,
709 858 838 906 quos
864 843 961 890 fert
988 844 1236 907 Agrippa,
1265 845 1397 891 feras
1420 849 1492 904 tu,
1623 849 1716 897 185

141 910 338 958 Astuta
361 909 642 972 ingenuum
669 911 846 974 volpes
872 910 1075 959 imitata
1100 910 1326 960 leonem!
1348 914 1446 945 ”—

144 982 172 1002 “
190 976 269 1025 Ne
295 977 410 1040 quis
436 977 676 1025 humasse
703 979 829 1025 velit
856 979 1085 1040 Ajacem,
1115 979 1318 1036 Atrida,
1345 984 1490 1027 vetas
1518 979 1684 1028 cur?'’

143 1049 173 1070 ‘⁴
186 1044 299 1092 Rex
315 1046 479 1092 sum.''
527 1050 554 1070 “
573 1045 662 1093 Nil
680 1046 816 1093 ultra
834 1061 1021 1109 quaero
1038 1047 1315 1110 plebeius.''
1366 1052 1392 1071 “
1412 1047 1481 1094 Et
1500 1063 1716 1111 aequam

143 1112 275 1162 Rem
300 1113 567 1176 imperit03
606 1129 663 1161 ac
690 1114 733 1160 si
761 1114 841 1161 cui
869 1115 1045 1162 videor
1069 1130 1169 1162 non
1199 1116 1387 1176 justus,
1417 1115 1581 1162 inulto

142 1179 323 1229 Dicere
347 1180 484 1244 quod
509 1181 668 1229 sentit
696 1182 989 1243 permitto.’'
1062 1186 1090 1207 ‘⁴
1111 1182 1335 1230 Maxime
1363 1198 1556 1244 regum,
1582 1199 1586 1202 ·
1625 1185 1719 1231 190

144 1247 212 1297 Di
237 1247 329 1296 tibi
355 1248 479 1296 dent
503 1253 651 1312 capta
677 1249 896 1296 classem
923 1250 1197 1297 redducere
1226 1249 1408 1311 Trojal

144 1313 284 1375 Ergo
308 1316 571 1363 consulere
597 1321 649 1363 et
677 1332 793 1365 mox
818 1318 1122 1381 respondere
1148 1316 1356 1365 licebit?
1374 1319 1401 1344 ''

145 1386 174 1407 ‘¹
192 1382 462 1433 Gonsule.''
534 1387 563 1419 -“
583 1384 688 1432 Cur
714 1384 862 1446 Ajax,
893 1385 1041 1432 heros
1068 1386 1135 1432 ab
1160 1385 1362 1434 Achille
1390 1387 1660 1447 secunduS,

144 1449 387 1508 Putescit,
414 1451 604 1498 totiens
630 1453 849 1500 servatis
878 1453 1046 1500 clarus
1074 1451 1332 1501 Achivis?

145 1517 380 1567 Gaudeat
407 1523 462 1566 ut
487 1519 706 1582 populus
735 1519 926 1567 Priami
950 1520 1289 1584 Priamusque
1310 1521 1593 1580 inhumato,
1627 1515 1718 1564 195

144 1585 245 1634 Per
267 1601 424 1649 quem,
443 1591 522 1634 tot
548 1588 765 1648 Juvenes
790 1588 954 1651 patrio
981 1603 1183 1636 caruere
1212 1588 1478 1652 sepulchro
1498 1589 1518 1638 ἲ
1537 1591 1563 1615 ”

145 1657 174 1678 “
191 1652 335 1701 Mille
361 1654 534 1701 ovium
559 1655 771 1702 insanus
796 1655 947 1703 morti
973 1656 1125 1714 dedit,
1154 1657 1401 1703 inclutum
1434 1657 1616 1705 Ulixen

144 1719 214 1770 Et
238 1720 528 1769 Menelaum
556 1737 659 1769 una
683 1737 879 1770 mecum
906 1739 958 1771 se
986 1723 1212 1771 occidere
1239 1724 1515 1772 clamans.''

142 1791 170 1814 “
187 1787 280 1847 Tu,
306 1804 422 1836 cum
446 1804 536 1852 pro
563 1790 725 1836 vitula
751 1791 938 1838 statuis
965 1790 1163 1838 dulcem
1191 1791 1580 1839 Aulide-natam

149 1856 282 1904 Ante
309 1870 439 1914 aras,
467 1857 767 1919 spargisque
795 1858 930 1905 mola
954 1864 1123 1921 caput,
1151 1858 1391 1922 improbe,
1421 1859 1571 1917 salsa,
1623 1856 1719 1902 200

144 1922 364 1972 Rectum
402 1924 555 1971 animi
601 1939 777 1971 servas
794 1923 814 1972 ⁶?
831 1926 857 1951 ''
872 1952 942 1959 --
958 1930 985 1949 “
1007 1927 1263 1987 Quorsum
1281 1925 1300 1974 ἲ
1318 1928 1345 1952 ”
1360 1953 1428 1960 -
1446 1931 1472 1951 “
1492 1927 1716 1975 Insanus

344 1991 466 2054 quid
501 1991 636 2038 enim
664 1993 798 2054 Ajax

144 2057 302 2117 Fecit,
329 2074 444 2107 cum
471 2059 657 2107 stravit
682 2059 812 2107 ferro
836 2058 1032 2123 pecus?
1104 2061 1378 2110 Abstinuit
1406 2062 1508 2110 vim

144 2125 317 2174 Uxore
341 2131 395 2174 et
420 2132 609 2188 gnat03
647 2127 781 2175 mala
806 2129 972 2175 multa
995 2136 1233 2192 precatus
1261 2131 1476 2188 Atridis,

145 2192 262 2242 Non
287 2193 371 2242 ille
396 2199 486 2241 aut
511 2193 760 2242 Teucrum
790 2201 879 2243 aut
904 2196 1071 2258 ipsum
1100 2197 1315 2245 violavit
1341 2198 1581 2246 Ulixen.''

147 2259 380 2308 “Verum
405 2277 516 2323 ego,
544 2266 602 2308 ut
627 2261 896 2310 haerentes
923 2263 1139 2312 adverso
1165 2265 1311 2312 litore
1340 2280 1499 2313 naves
1627 2254 1721 2302 205

146 2326 424 2391 Eriperem,
451 2329 676 2391 prudens
700 2330 903 2393 placavi
930 2332 1178 2394 sanguine
1205 2333 1405 2381 divos''

149 2399 176 2419 ‘¹
194 2394 388 2459 Nempe
415 2402 518 2453 tuo,
547 2396 784 2445 furiosc.''
858 2398 1038 2457 “Meo,
1068 2400 1156 2447 scd
1184 2416 1285 2447 non
1312 2401 1582 2448 furiosus.'’

149 2462 248 2524 Qui
275 2464 466 2527 species
493 2464 620 2511 alias
647 2465 782 2512 veris
809 2466 1113 2529 scelerisque
1142 2467 1365 2514 tumultu

149 2529 435 2578 Permixtas
459 2531 640 2593 capiet,
668 2538 953 2579 commotus
980 2533 1264 2593 habebitur,
1293 2540 1446 2597 atque

150 2595 443 2645 Stultitiane
469 2605 600 2646 erret
624 2599 842 2646 nihilum
870 2600 1083 2648 distabit
1109 2617 1172 2648 an
1200 2602 1288 2649 ira.
1619 2592 1715 2639 210

150 2663 284 2725 Ajax
310 2664 590 2713 immeritos
617 2682 731 2713 cum
758 2667 941 2715 occidit
966 2667 1153 2731 desipit
1178 2684 1369 2731 agnos:

269 2793 341 2830 183
362 2796 432 2829 aut
451 2805 597 2830 aeneus
704 2796 772 2831 191
797 2796 995 2841 reducere,
1018 2797 1211 2833 deducere
1318 2799 1389 2833 194
1410 2798 1605 2847 putrescit

344 2844 415 2881 1⁹7
437 2844 618 2882 inclitum
674 2847 742 2881 201
766 2858 955 2896 quorsum
978 2847 1173 2883 insanus?
1193 2848 1291 2897 quid
1346 2848 1418 2883 208
1440 2848 1524 2883 veri

541 2897 611 2932 211
634 2908 724 2933 oum
745 2897 980 2940 immeritos,
1001 2897 1209 2934 inmeritos
1231 2899 1324 2934 dum
