1878 3054
242 200 346 277 126ι
749 210 990 250 HonAm
1031 211 1285 251 Eronort

266 290 269 302 -,
289 275 331 330 (ᾧ
344 283 371 307 0

276 332 279 341 ⁴
374 342 443 391 Et
466 347 537 400 tu,
566 343 870 406 quicumque
895 358 951 391 es
975 344 1169 392 felicior
1193 348 1344 408 atque
1369 360 1482 393 meo
1507 361 1640 396 nuno

444 409 699 472 Superbus
735 410 925 458 incedis
961 411 1111 470 malo,

375 476 458 525 Sis
482 492 659 538 pecore
685 481 736 524 et
760 477 923 524 multa
948 477 1091 525 dives
1115 478 1295 526 tellure
1320 478 1491 526 licebit

439 544 653 605 Tibique
693 544 931 591 Pactolus
969 543 1105 603 fluat,
1709 546 1769 592 20

372 609 482 657 Nec
507 615 556 657 te
584 610 911 673 Pythagorae
938 611 1118 658 fallant
1142 626 1326 659 arcana
1348 612 1526 671 renati,

438 677 722 739 Formaque
760 678 936 725 vincas
973 677 1144 737 Nirea,

374 743 493 790 Heu
518 743 631 802 heu,
658 744 935 792 translatos
962 745 1061 793 alio
1086 745 1334 793 maerebis
1360 761 1591 796 amores:

439 810 543 858 Ast
577 826 672 873 ego
709 811 935 859 vicissim
972 812 1142 860 risero,

944 998 1095 1048 XVI.

305 1103 487 1151 Altera
515 1104 622 1165 jam
647 1103 828 1151 teritur
852 1103 999 1151 bellis
1023 1103 1260 1152 civilibus
1285 1107 1443 1164 aetaS,

374 1170 492 1218 Suis
516 1175 567 1217 et
590 1171 703 1233 ipsa
729 1171 897 1218 Roma
922 1171 1115 1218 viribus
1140 1171 1270 1219 ruit:

307 1237 471 1298 Quam
496 1253 657 1300 neque
684 1237 883 1284 finitimi
910 1238 1179 1285 valuerunt
1202 1237 1409 1300 perdere
1435 1237 1610 1298 Marsi,

372 1304 592 1352 Minacis
619 1309 708 1351 aut
734 1304 953 1351 Etrusca
980 1304 1235 1352 Porsenae
1261 1319 1456 1362 manuS,

306 1369 525 1419 Aemula
549 1386 639 1418 nec
664 1371 828 1418 virtus
856 1371 1077 1432 Capuae,
1105 1386 1195 1419 nec
1221 1370 1494 1434 Spartacus
1520 1387 1647 1432 acer,
1745 1378 1774 1423 5

373 1437 634 1500 Novisque
661 1438 810 1484 rebus
836 1437 1050 1485 infidelis
1077 1437 1339 1496 Allobrox,

307 1503 416 1551 Nec
441 1505 545 1551 fera
569 1505 798 1552 caerulea
824 1505 1020 1552 domuit
1047 1504 1320 1553 Germania
1342 1504 1490 1567 pube,

373 1571 775 1634 Parentibusque
802 1571 1126 1619 abominatus
1154 1571 1432 1630 Hannibal,

305 1637 474 1700 Impia
498 1639 763 1701 perdemus
789 1639 962 1686 devoti
989 1638 1256 1700 sanguinis
1282 1643 1441 1698 aetas,

375 1705 619 1767 Ferisque
644 1720 819 1753 rursus
845 1705 1174 1767 occupabitur
1201 1705 1378 1753 solum.
1717 1712 1776 1758 10

305 1771 565 1820 Barbarus
590 1772 688 1819 heu
714 1773 906 1820 cineres
932 1772 1136 1820 insistet
1161 1772 1336 1831 victor,
1364 1776 1416 1820 et
1441 1772 1618 1820 urbem

373 1839 544 1901 Eques
570 1845 782 1887 sonante
809 1839 1098 1887 verberabit
1122 1838 1328 1901 ungula,

307 1906 548 1967 Quaeque
574 1911 746 1954 carent
771 1906 939 1954 ventis
962 1911 1015 1954 et
1039 1906 1233 1953 solibus
1259 1920 1376 1953 ossa
1403 1905 1617 1967 Quirini,

371 1972 558 2035 (Nefas
585 1973 753 2020 videre
772 1972 809 2031 1)
838 1973 1107 2036 dissipabit
1132 1972 1368 2020 insolens.

305 2039 459 2087 Forte
486 2040 607 2102 quid
633 2040 871 2101 expediat
896 2039 1235 2087 communiter
1259 2043 1350 2087 aut
1373 2038 1552 2101 melior
1574 2053 1693 2102 pars
1715 2043 1775 2090 15

371 2106 528 2153 Malis
554 2121 720 2154 carere
746 2106 987 2168 quaeritis
1012 2106 1299 2154 laboribus:

303 2170 466 2219 Nulla
490 2173 557 2220 sit
583 2172 676 2220 hac
699 2174 866 2236 potior
891 2173 1160 2231 sententia,
1189 2170 1541 2220 Phocaeorum

372 2239 530 2286 Velut
564 2240 793 2301 profugit
828 2244 1091 2287 exsecrata
1127 2239 1310 2286 civitas

305 2305 478 2368 Agros
503 2313 655 2368 atque
679 2307 811 2353 lares
836 2307 1030 2368 patrios
1057 2305 1432 2368 habitandaque
1458 2304 1577 2352 fana

371 2372 527 2435 Apris
563 2373 769 2434 reliquit
803 2378 855 2419 et
891 2373 1343 2435 rapacibuslupis,
1714 2377 1775 2423 20

303 2439 384 2487 Ire
409 2440 563 2502 pedes
589 2455 903 2502 quocumque
931 2440 1105 2498 ferent,
1134 2453 1447 2502 quocumque
1471 2453 1562 2500 per
1585 2439 1749 2486 undas

370 2506 539 2553 Notus
576 2507 778 2554 vocabit
814 2511 903 2554 aut
936 2512 1205 2569 protervus
1243 2505 1463 2552 Africus.

306 2572 391 2621 Sic
416 2572 618 2635 placet?
646 2589 709 2619 an
729 2573 910 2620 melius
930 2573 1044 2635 quis
1065 2573 1218 2620 habet
1239 2572 1452 2619 suadere
1468 2568 1796 2619 ?—Secunda

371 2640 558 2686 Ratem
596 2655 839 2702 occupare
876 2640 997 2701 quid
1033 2654 1293 2686 moramur
1330 2636 1487 2685 alite?

305 2705 403 2754 Sed
434 2708 662 2767 juremus
688 2707 739 2752 in
765 2706 918 2753 haec:
961 2706 1122 2753 Simul
1147 2706 1264 2752 imis
1291 2719 1416 2751 saxa
1441 2703 1667 2751 renarint
1719 2703 1779 2749 25

371 2772 537 2820 Vadis
574 2773 756 2831 levata,
795 2788 856 2820 ne
892 2773 1054 2820 redire
1092 2773 1160 2820 sit
1194 2772 1366 2832 nefas;

378 2900 425 2938 1⁵7
445 2902 488 2936 at
588 2901 636 2937 23
656 2899 757 2937 eheu
859 2901 882 2936 2
902 2901 1009 2947 perit
1111 2899 1159 2935 14
1177 2899 1307 2935 videri
1409 2899 1456 2935 19
1475 2898 1661 2948 proprio!
