1878 3054
182 169 252 221 24
649 178 890 218 HORA'rI
934 180 1278 221 CARMINVM

521 312 793 374 Temperat
829 327 916 359 ora
954 310 1146 360 frenis?
1647 377 1654 381 .

318 379 423 428 Cur
446 380 593 426 timet
617 379 804 426 flavum
831 379 1054 426 Tiberim
1080 378 1330 441 tangere?
1403 381 1508 430 Cur
1533 384 1722 430 olivum

518 446 778 508 Sanguine
815 446 1042 508 viperino

317 513 531 561 Cautius
558 513 701 570 vitat,
728 527 887 575 neque
905 514 1012 574 Jam
1039 513 1198 561 livida
1222 519 1395 577 gestat
1420 518 1575 564 armis
1667 524 1725 571 10

516 580 774 638 Bracchia,
815 594 963 642 saepe
1001 581 1154 638 disco,

317 645 476 709 Saepe
501 650 643 693 trans
669 646 816 693 finem
836 647 1005 709 Jaculo
1031 647 1213 695 nobilis
1238 649 1512 712 expedito?

517 713 652 773 Quid
688 713 828 771 latet,
868 719 926 760 ut
961 715 1185 761 marinae

317 779 506 826 Filium
532 780 707 827 dicunt
733 780 967 828 Thetidis
993 782 1087 828 sub
1112 782 1382 830 lacrimosa
1406 783 1584 846 Trojae

518 847 733 905 Funera,
772 862 834 894 ne
872 847 1042 895 virilis
1665 855 1722 901 15

320 912 503 961 Cultus
526 913 578 960 in
603 914 806 961 caedem
829 919 880 961 et
901 915 1092 977 Lycias
1111 916 1392 978 proriperet
1410 922 1642 964 catervas
1662 916 1682 965 ?

912 1092 1011 1140 IX.

382 1178 544 1226 Vides
580 1182 638 1225 ut
673 1179 777 1226 alta
815 1183 916 1227 stet
952 1181 1065 1228 nive
1103 1182 1375 1231 candidum

385 1244 604 1303 Soracte,
644 1261 735 1293 nec
764 1247 871 1307 jam
912 1249 1199 1296 sustineant
1235 1265 1364 1298 onus

521 1311 690 1359 Silvae
727 1313 1034 1372 laborantes,
1074 1316 1291 1378 geluque

583 1378 819 1427 Flumina
855 1381 1180 1429 constiterint
1216 1388 1379 1432 acuto.

384 1445 624 1492 Dissolve
661 1446 833 1508 frigus,
876 1447 1018 1509 ligna
1056 1463 1206 1511 super
1242 1451 1352 1498 foco
1688 1455 1718 1496 5

383 1511 552 1574 Large
587 1527 848 1575 reponens,
891 1520 1041 1576 atque
1079 1516 1350 1578 benignius

518 1579 768 1642 Deprome
805 1581 1130 1643 quadrimum
1170 1583 1375 1643 Sabina,

584 1645 627 1693 Ο
666 1646 983 1706 Thaliarche,
1021 1664 1214 1697 merum
1251 1651 1406 1699 diota.

384 1712 631 1760 Permitte
668 1714 802 1761 divis
840 1719 1034 1763 cetera:
1074 1717 1160 1779 qui
1198 1717 1406 1765 simule
1436 1730 1509 1753 ‘⁵¹³¹‘

383 1779 618 1828 Stravere
656 1786 835 1828 ventos
875 1797 1089 1844 aequore
1128 1784 1321 1832 fervido
1661 1783 1719 1828 10

515 1846 917 1908 Deproeliantes,
959 1864 1049 1896 nec
1085 1852 1308 1914 cupressi

581 1912 630 1959 N
634 1929 688 1960 ec
725 1920 919 1962 veteres
956 1917 1216 1978 agitantur
1250 1920 1371 1968 orni.

385 1979 521 2039 Quid
558 1979 625 2026 sit
658 1980 884 2027 futurum
923 1998 1047 2040 cras,
1087 1985 1206 2046 fuge
1243 2001 1496 2047 quaerere,
1533 1993 1586 2036 et

385 2046 547 2105 Quem
583 2046 711 2093 Fors
747 2048 939 2095 dierum
977 2065 1190 2113 cumque
1227 2052 1385 2112 dabit,
1422 2054 1559 2103 lucro

517 2112 748 2174 Appone‚
786 2130 877 2161 nec
916 2116 1087 2164 dulces
1125 2133 1323 2167 amores
1658 2115 1718 2162 15

583 2178 772 2240 Sperne
798 2196 934 2242 puer,
964 2197 1124 2246 neque
1149 2190 1206 2232 tu
1230 2185 1454 2247 choreas,

383 2244 557 2292 Donec
593 2246 774 2293 virenti
811 2249 1027 2297 canities
1064 2251 1208 2300 abest

381 2310 603 2359 Morosa,
679 2312 828 2362 Nunc
863 2320 915 2362 et
953 2331 1178 2380 campus,
1216 2323 1268 2367 et
1304 2335 1464 2380 areae,

191 2413 196 2416 .
235 2369 387 2415 s*
516 2377 780 2442 Lenesque
819 2383 914 2429 sub
953 2389 1152 2432 noctem
1190 2388 1382 2435 susurri

584 2445 881 2508 Composita
905 2456 1199 2513 repetantur
1223 2452 1362 2513 hora,
1658 2449 1718 2495 20

382 2510 434 2558 N
437 2526 533 2559 unc
568 2516 619 2559 et
653 2513 860 2563 latentis
897 2519 1124 2579 proditor
1158 2520 1335 2568 intimo

383 2577 572 2626 Gratus
606 2581 804 2641 puellae
840 2583 974 2632 risus
1012 2586 1076 2632 ab
1114 2587 1315 2649 angu10‚

515 2645 807 2710 Pignusque
846 2650 1108 2714 dereptum
1145 2653 1349 2702 lacertis

583 2712 692 2761 Aut
717 2715 879 2776 digito
904 2719 1032 2765 male
1058 2721 1316 2782 pertinaci.

234 2832 255 2888 '7
274 2855 468 2900 temperet
571 2854 616 2889 11
634 2854 802 2892 brachia
896 2856 918 2896 '7
937 2858 1091 2908 depone
1187 2861 1235 2897 14
1254 2872 1337 2898 sors
1415 2863 1463 2899 23
1483 2863 1684 2914 direptum
