1846 3034
0 247 17 282 Γ

0 291 5 308 .
170 313 308 374 Quin
332 312 491 360 etiam
516 315 678 369 canet,
707 310 985 368 indoctum,
1015 309 1104 357 sed
1131 309 1276 356 dulce
1302 308 1522 356 bibenti:

0 366 9 440 ἰ
169 380 339 428 Multa
365 380 513 428 fidem
541 378 796 441 promissa
822 378 1010 435 levant,
1039 377 1126 423 ubi
1152 377 1353 439 plenius
1381 391 1541 439 aequo
1682 379 1743 425 10

0 445 11 533 f
170 447 377 496 Laudat
403 446 626 504 venales,
655 446 743 508 qui
770 445 878 493 volt
902 445 1181 502 extrudere,
1211 458 1417 491 merces.

0 543 10 619 [l

0 628 6 736 Ξ

801 177 924 216 mn.
964 176 1031 215 11.
1071 164 1104 215 2
1584 166 1590 174 '
1636 163 1741 215 229

163 515 277 565 Res
302 519 452 577 urget
478 529 557 561 me
584 514 758 575 nulla;
795 528 908 560 meo
936 527 1046 558 sum
1076 526 1271 574 pauper
1296 511 1345 557 in
1373 527 1498 560 aere.

169 582 336 630 Nemo
362 582 457 630 hoc
483 596 795 643 mangonum
823 581 1012 627 faceret
1037 580 1161 640 tibi;
1198 595 1300 626 non
1324 583 1514 627 temere
1541 595 1572 627 a
1595 595 1675 628 me
1729 606 1731 611 κ

170 650 354 712 Quivis
379 651 532 698 ferret
556 649 706 698 idem.
784 647 949 696 Semel
977 647 1058 694 hic
1084 647 1320 704 cessavit,
1348 651 1412 704 et,
1442 652 1499 694 ut
1524 647 1593 707 fit,

167 717 232 765 In
257 718 410 766 scalis
435 717 590 765 latuit
614 722 850 764 metuens
874 715 1146 778 pendentis
1174 714 1400 762 habenae
1418 733 1429 762 :
1447 716 1545 748 ’'—-
1684 717 1742 763 15

168 785 274 833 Des
300 799 549 844 nummos,
577 791 790 847 excepta
814 783 942 830 nihil
969 788 1018 830 te
1046 783 1089 829 si
1116 783 1240 845 fuga
1265 782 1451 842 laedat,

166 852 260 900 Ille
288 853 418 901 ferat
441 852 663 915 pretium
691 867 886 914 poenae
914 866 1135 909 securus,
1164 851 1371 913 opinor;

169 919 402 968 Prudens
426 920 596 968 emisti
624 919 902 979 vitiosum3
941 919 1078 966 dicta
1104 918 1198 965 tibi
1223 922 1303 965 est
1329 917 1439 966 lex:

166 987 461 1051 Insequeris
487 993 661 1035 tamen
688 986 824 1034 hunc
849 992 901 1034 et
928 986 1014 1034 lite
1041 986 1256 1034 moraris
1282 983 1494 1048 iniqua?

167 1054 288 1103 Dixi
316 1071 395 1103 me
422 1055 627 1118 pigrum
652 1054 993 1118 proficiscenti
1018 1054 1128 1112 tibi,
1156 1053 1262 1101 dixi
1682 1057 1744 1104 20

165 1122 376 1171 Talibus
401 1122 576 1170 officiis
601 1137 758 1185 prope
785 1137 1038 1181 mancum,
1069 1137 1129 1168 ne
1156 1136 1269 1169 mea
1294 1136 1482 1169 saevus

163 1190 200 1239 J
205 1205 413 1252 urgares
439 1190 503 1239 ad
529 1195 579 1237 te
607 1190 744 1252 quod
770 1189 993 1252 epistula
1018 1189 1159 1236 nulla
1184 1189 1383 1238 rediret.

165 1258 302 1319 Quid
328 1263 437 1306 tum
463 1257 666 1321 profeci,
697 1273 897 1304 mecum
924 1256 1162 1304 facientia
1177 1258 1296 1318 jura

164 1324 223 1374 Si
244 1332 416 1374 tamen
443 1331 725 1388 attemptas
747 1323 767 1372 ⁸?
843 1324 1082 1385 Quereris
1109 1339 1260 1387 super
1286 1325 1381 1372 hoc
1406 1325 1578 1384 etiam,
1608 1327 1744 1389 quod

163 1392 478 1456 Exspectata
502 1393 597 1441 tibi
625 1408 726 1440 non
755 1392 958 1440 mittam
985 1392 1213 1440 carmina
1239 1393 1473 1440 mendax.
1682 1397 1743 1443 25

163 1460 363 1508 Luculli
389 1460 535 1508 miles
561 1460 777 1508 'collecta
803 1460 992 1507 viatica
1017 1460 1194 1507 multis

164 1527 454 1587 Aerumnis,
482 1528 653 1576 lassus
681 1528 804 1575 dum
833 1534 987 1575 noctu
1013 1527 1196 1585 stertit,
1225 1527 1288 1575 ad
1317 1543 1485 1575 assem

164 1594 493 1644 Perdiderat:
530 1600 650 1659 post
677 1595 773 1643 hoc
800 1594 1078 1642 vehemens
1103 1595 1253 1658 lupus
1279 1600 1331 1643 et
1357 1596 1456 1643 sibi
1481 1600 1533 1643 et
1558 1594 1698 1644 hosti

115 1661 121 1666 ’
167 1662 339 1711 Iratus
364 1663 571 1726 pariter,
592 1663 784 1724 Jejunis
811 1663 1051 1710 dentibus
1079 1678 1204 1721 acer,

165 1729 490 1778 Praesidium
516 1731 687 1793 regale
716 1731 827 1777 loco
854 1730 1050 1791 dejecit,
1079 1735 1136 1777 ut
1163 1730 1321 1790 aiunt,
1682 1734 1744 1780 30

165 1796 372 1846 Summe
398 1798 598 1845 munito
625 1803 677 1845 et
703 1798 983 1845 multarum
1011 1797 1169 1845 divite
1195 1813 1379 1846 rerum.

166 1864 348 1914 Clarus
375 1865 440 1913 ob
466 1865 516 1912 id
544 1865 735 1913 factum
766 1865 915 1912 donis
942 1870 1150 1912 ornatur
1175 1865 1420 1925 honestiS,

164 1932 372 1995 Accipit
395 1937 449 1980 et
474 1932 553 1980 bis
581 1932 714 1980 dena
741 1947 896 1995 super
922 1933 1160 1980 sestertia
1186 1948 1464 1981 nummum.

166 1997 320 2047 Forte
348 2000 443 2047 sub
472 2000 565 2048 hoc
591 2005 799 2062 tempus
827 2000 1093 2048 castellum
1118 2006 1344 2048 evertere
1369 2004 1573 2062 praetor

165 2065 351 2115 Nescio
377 2067 512 2130 quod
538 2067 750 2130 cupiens
779 2067 969 2115 hortari
996 2068 1161 2129 coepit
1185 2068 1403 2115 eundem
1679 2072 1742 2119 35

165 2133 367 2193 Verbis,
395 2150 524 2198 quae
552 2135 734 2183 timido
763 2150 963 2198 quoquc
991 2140 1202 2198 possent
1229 2136 1411 2183 addere
1438 2140 1693 2185 mentem:

167 2206 196 2226 ⁴‘
216 2201 256 2260 Ι,
285 2202 429 2258 bone,
458 2218 558 2265 quo
587 2203 751 2251 virtus
779 2209 870 2250 tua
896 2208 945 2251 te
973 2208 1137 2262 vocat,
1166 2203 1182 2250 i
1208 2203 1334 2265 pede
1360 2204 1546 2262 fausto,

168 2268 396 2318 Grandia
421 2269 620 2317 laturus
648 2270 947 2318 meritorum
973 2271 1198 2333 praemia
1217 2269 1442 2333 i—quid
1471 2271 1617 2319 stas?
1638 2273 1666 2299 '⁷

169 2335 295 2384 Post
321 2337 445 2385 haec
472 2337 555 2384 ille
582 2344 740 2397 catus,
771 2338 1107 2400 quantumvis
1131 2339 1369 2397 rusticus,
1400 2344 1426 2363 “
1449 2339 1565 2398 Ibit,

167 2403 274 2452 Ibit
297 2419 371 2461 eo,
399 2420 500 2467 quo
529 2405 621 2462 vis,
651 2405 737 2468 qui
766 2421 945 2453 zonam
973 2406 1244 2467 perdidit‚'’
1271 2406 1450 2468 inquit.
1679 2410 1740 2454 40

168 2470 367 2519 Romae
393 2472 574 2519 nutriri
604 2472 729 2519 mihi
757 2473 990 2535 contigit,
1019 2478 1172 2535 atque
1199 2473 1367 2521 doceri

169 2537 340 2586 Iratus
368 2539 519 2588 Grais
545 2545 793 2602 quantum
822 2540 1080 2588 nocuisset
1106 2541 1349 2588 Achilles.

169 2605 414 2664 Adjecere
441 2606 602 2653 bonae
628 2607 780 2668 paulo
806 2607 922 2670 plus
948 2608 1071 2655 artis
1099 2608 1351 2666 Athenae,

172 2671 375 2721 Scilicet
401 2679 458 2721 ut
483 2689 683 2736 possem
711 2689 862 2721 curvo
889 2675 1147 2722 dinoscere
1175 2681 1383 2733 rectum,

171 2738 344 2802 Atque
372 2741 503 2788 inter
530 2740 690 2788 silvas
717 2741 966 2788 Academi
993 2757 1232 2805 quaerere
1262 2757 1449 2789 verum.
1676 2744 1734 2790 45

230 2867 274 2904 11
297 2869 509 2905 excludere
602 2870 648 2905 16
668 2870 794 2906 laedit
884 2870 932 2907 22
952 2871 1124 2920 epistola
1213 2871 1259 2905 22
1283 2871 1435 2905 veniret
1525 2871 1570 2905 23
1591 2874 1685 2906 tunc

260 2919 309 2953 24
328 2920 504 2954 attentas
559 2920 606 2955 32
626 2921 772 2970 opimis
826 2922 873 2956 42
896 2921 1029 2957 Graiis
1083 2921 1131 2956 44
1152 2921 1291 2956 vellem
1347 2922 1393 2955 44
1416 2921 1648 2966 ‹lignos-coro
