1878 3054
241 150 314 204 84

718 168 959 207 HORA'I'I
1000 164 1346 209 CARMINVM

511 298 630 346 Non
654 299 752 357 ille,
780 315 1086 363 quamquam
1113 299 1387 348 Socraticis
1410 301 1583 349 madet

516 364 860 425 Sermonibus,
888 372 939 414 te
965 366 1202 428 negleget
1227 366 1492 415 horridus:
1734 372 1793 419 10

579 431 835 479 Narratur
858 438 910 480 et
934 433 1085 494 prisci
1113 433 1326 482 Catonis

646 499 809 561 Saepe
835 514 973 547 mero
998 500 1212 547 caluisse
1237 500 1415 548 virtus.

514 564 594 612 Tu
617 565 727 613 lene
754 572 1063 614 tormentum
1090 567 1296 629 ingenio
1322 567 1566 616 admoves

454 663 460 669 ‹
513 632 819 695 Plerumque
846 634 1002 693 duro;
1037 638 1094 680 tu
1120 634 1427 695 sapientium

583 699 745 748 Ouras
770 705 821 747 et
847 715 1086 748 arcanum
1105 702 1280 762 Jocoso
1736 706 1794 752 15

653 766 937 815 Consilium
962 768 1155 829 retegis
1177 768 1384 830 Lyaeo3

516 831 596 880 'ru
621 847 763 895 spem
788 834 984 882 reducis
1009 835 1265 882 mentibus
1291 835 1469 894 anxiis,

517 898 770 962 Viresque
795 906 847 948 et
871 901 1017 948 addis
1043 916 1231 949 cornua
1253 903 1476 965 pauperi,

582 966 711 1014 Post
735 973 785 1014 te
806 983 967 1030 neque
993 967 1152 1015 iratos
1178 969 1413 1016 trementi

652 1033 856 1095 Regum
881 1035 1049 1097 apices
1074 1050 1237 1097 neque
1263 1036 1482 1083 militum
1509 1051 1670 1088 arma.
1738 1039 1798 1085 20

519 1098 592 1146 Te
619 1099 785 1158 Liber,
813 1106 878 1160 et,
907 1102 950 1148 si
974 1101 1108 1149 laeta
1135 1102 1311 1159 aderit,
1338 1102 1532 1162 Venus,

517 1165 811 1229 Segnesque
836 1168 1025 1216 nodum
1051 1168 1248 1216 solvere
1276 1168 1497 1227 Gratiae,

586 1233 855 1296 Vivaeque
881 1235 1160 1296 producent
1185 1235 1436 1294 lucernae,

653 1300 790 1348 Dum
814 1302 1014 1350 rediens
1040 1302 1187 1364 fugat
1214 1302 1633 1355 astra-Phoebus,

943 1483 1126 1532 XXII.

521 1586 778 1635 Montium
805 1592 978 1635 custos
1004 1601 1381 1650 nemorumque,
1409 1587 1590 1650 Virgo,

523 1655 664 1715 Quae
690 1655 979 1702 laborantes
1003 1659 1148 1701 utero
1172 1655 1368 1717 puellas

522 1719 621 1769 Ter
646 1726 827 1769 vocata
852 1721 1014 1778 audis,
1042 1720 1328 1783 adimisque
1353 1721 1471 1780 leto,

724 1788 859 1835 Diva
881 1788 1140 1846 triformis,

525 1852 807 1902 Imminens
831 1855 984 1902 villae
1010 1859 1100 1901 tua
1122 1855 1275 1918 pinus
1297 1859 1422 1913 esto,
1777 1861 1807 1907 5

526 1920 691 1981 Quam
713 1936 803 1984 per
827 1926 1031 1969 exactos
1056 1936 1154 1983 ego
1179 1922 1344 1968 laetus
1371 1935 1533 1969 annos

524 1985 702 2035 Verris
727 1989 988 2050 obliquum
1014 1987 1307 2035 meditantis
1331 1987 1490 2036 ictum

726 2054 987 2116 Sanguine
1014 2055 1211 2103 donem.

924 2228 1138 2277 XXIII.

529 2329 684 2378 Caelo
709 2330 915 2394 supinas
940 2331 985 2378 si
1010 2331 1188 2379 tuleris
1212 2345 1395 2379 manus

529 2396 580 2445 N
585 2403 788 2445 ascente
814 2398 976 2455 Luna,
1003 2398 1195 2445 rustica
1220 2398 1452 2460 Phidyle,

615 2464 668 2512 Si
694 2469 806 2511 ture
832 2465 1050 2526 placaris
1076 2470 1127 2512 et
1154 2464 1313 2512 horna

663 2531 833 2592 Fruge
861 2531 1020 2578 Lares
1046 2532 1294 2594 avidaque
1318 2545 1512 2593 porcas

530 2597 640 2646 Nec
663 2598 984 2661 pestilentem
1013 2599 1197 2645 sentiet
1222 2598 1455 2646 Africum
1785 2598 1812 2646 5

531 2665 773 2713 Fecunda
799 2665 933 2722 vitis,
961 2679 1051 2711 nec
1077 2664 1297 2711 sterilem
1323 2678 1470 2725 seges

600 2731 922 2794 Robiginem,
950 2736 1037 2777 aut
1061 2731 1233 2777 dulces
1259 2730 1450 2777 alumni

666 2798 922 2846 Pomifero
948 2812 1101 2859 grave
1125 2803 1328 2860 tempus
1353 2811 1500 2844 anno.

417 2910 465 2946 10
485 2909 674 2957 neglegit,
693 2909 873 2955 negliget
1025 2908 1047 2943 3
1067 2907 1184 2943 thure
1337 2906 1359 2944 7
1379 2905 1607 2952 rubiginem
1665 2892 1672 2896 ⁶
