1878 3054
667 140 792 187 mn.
836 145 933 187 111.
972 134 1057 198 28,
1085 133 1155 187 29
1232 138 1235 139 ’
1628 124 1714 185 9ὶέ

808 338 1023 387 ΧΧΙΧ.

326 441 595 507 Tyrrhena
627 456 808 505 regum
842 439 1127 503 progenies,
1165 439 1262 488 tibi

326 510 448 559 Non
484 513 602 558 ante
639 524 788 557 verso
824 508 936 555 lene
973 522 1170 555 merum
1207 507 1334 555 cado

393 577 526 626 Cum
550 576 684 636 flore,
713 575 1002 633 Maecenas,
1030 589 1262 622 rosarum
1289 579 1342 622 et

460 644 650 692 Pressa
686 643 790 692 tuis
826 642 1041 690 balanus
1078 642 1273 705 capillis

323 713 361 762 J
363 712 644 760 amdudum
671 710 808 774 apud
834 726 913 757 me
939 714 1031 758 est.
1106 709 1263 774 Eripe
1282 713 1552 767 hemmae,
1661 708 1691 755 5

322 779 403 828 Ne
429 794 629 843 semper
655 778 815 826 udum
844 777 1080 827 Tiburet
1104 777 1329 825 Aesulae

391 847 603 896 Declive
636 845 1004 909 contempleris
1042 859 1221 893 arvum
1257 848 1309 892 et

443 914 706 978 Telegoni
735 915 869 976 ‚iuga
904 912 1199 976 parricidae.

321 981 670 1033 Fastidiosam
699 982 877 1029 desere
907 981 1104 1044 copiam
1129 986 1182 1028 et

319 1049 514 1098 Molem
538 1050 889 1113 propinquam
917 1048 1139 1096 nubibus
1164 1046 1364 1111 arduis;
1633 1043 1694 1090 10

387 1116 586 1166 Omitte
624 1117 805 1165 mirari
842 1116 1024 1164 beatae
1448 1120 1450 1122 ’

457 1185 680 1233 Fumum
708 1189 761 1234 et
791 1199 914 1247 opes
942 1182 1310 1247 strepitumque
1336 1181 1550 1230 Romae.

320 1251 628 1315 Plerumque
657 1256 839 1315 gratae
868 1251 1114 1299 divitibus
1140 1251 1293 1308 vices,

318 1319 648 1383 Mundaeque
678 1334 844 1383 parvo
873 1319 969 1367 sub
994 1318 1098 1366 lare
1123 1332 1403 1382 pauperum

384 1387 555 1437 Genae
593 1386 703 1435 sine
746 1387 941 1435 aulaeis
978 1390 1030 1434 et
1067 1391 1206 1433 ostro
1632 1379 1692 1426 15

454 1454 739 1503 Sollicitam
784 1454 1067 1517 explicuere
1106 1454 1338 1501 frontem.

314 1521 352 1571 J
355 1537 438 1570 am
463 1522 630 1571 clarus
659 1521 918 1570 occultum
950 1521 1312 1569 Andromedae
1336 1524 1483 1584 pater

316 1587 599 1639 Ostendit
585 1605 779 1653 ignem,
804 1591 912 1652 jam
942 1589 1178 1652 Procyon
1203 1588 1327 1636 furit

382 1657 454 1706 Et
488 1657 638 1706 stella
678 1657 873 1707 vesani
900 1657 1104 1716 Leonis,

454 1724 573 1774 Sole
611 1725 723 1773 dies
763 1724 1014 1773 referente
1052 1724 1246 1784 siccos3
1482 1753 1484 1756 -
1518 1751 1524 1756 -
1631 1717 1693 1764 20

313 1792 351 1842 J
354 1807 437 1840 am
460 1796 637 1855 pastor
667 1793 885 1840 umbras
912 1807 1026 1840 cum
1052 1806 1207 1854 grege
1232 1767 1477 1852 languido

316 1859 613 1923 Rivumque
644 1860 814 1907 fessus
846 1859 1044 1922 quaerit
1069 1863 1122 1907 et
1148 1857 1341 1906 horridi

384 1927 612 1976 Dumeta
653 1926 875 1985 Silvani,
915 1931 1151 1989 caretque

452 1994 588 2059 Ripa
617 1995 768 2057 vagis
799 1994 1056 2043 taciturna
1080 1993 1262 2042 ventis.

316 2062 397 2111 Tu
421 2062 684 2112 civitatem
719 2063 837 2125 quis
865 2063 1041 2110 deceat
1067 2065 1237 2110 status
1630 2052 1691 2100 25

319 2130 497 2188 Curzm,
525 2135 577 2179 et
602 2130 715 2178 urbi
751 2130 1005 2179 sollicitus
1029 2130 1183 2177 times

385 2197 520 2260 Quid
549 2197 698 2247 Seres
730 2202 782 2246 et
811 2202 1028 2261 regnata
1054 2196 1194 2260 Cyro

452 2264 641 2314 Bactra
667 2271 858 2329 parent
884 2264 1175 2328 Tanaisque
1201 2263 1409 2312 discors,

319 2331 555 2381 Prudens
583 2333 741 2381 futuri
775 2333 1020 2397 temporis
1044 2332 1237 2380 exitum

320 2399 619 2462 caliginosa
647 2407 795 2450 nocte
826 2401 1012 2466 premit
1028 2401 1178 2458 'deus
1626 2390 1689 2436 30

386 2466 643 2532 Ridetque
686 2470 728 2517 si
770 2469 999 2517 mortalis
1035 2468 1170 2515 ultra
1527 2502 1529 2504 -

453 2535 556 2584 Fas
582 2537 816 2601 trepidat.
899 2536 1048 2599 Quod
1076 2535 1224 2583 adest
1248 2534 1506 2580 memento

323 2599 640 2667 Componere
669 2619 890 2668 aequus:
929 2610 1096 2652 cetera
1121 2601 1343 2649 fluminis

321 2663 451 2717 Ritu
477 2670 722 2731 feruntur,
751 2687 886 2720 nunc
911 2671 1080 2720 medio
1108 2670 1252 2718 alveo

198 2806 223 2844 2
242 2818 401 2847 versum
456 2811 479 2848 6
499 2823 571 2849 nec
627 2814 672 2850 15
692 2825 852 2859 caenae,
872 2826 1019 2852 coenae
1074 2814 1121 2850 22
1142 2812 1250 2849 hon-i
1256 2811 1307 2848 ln.
1360 2810 1402 2846 31
1427 2809 1614 2845 mortales

570 2863 618 2899 32
638 2863 846 2913 trepidant
1000 2865 1047 2900 34
1067 2874 1238 2908 aequore
