1878 3054
713 143 838 183 ΜΒ.
879 143 949 182 11.
993 130 1171 182 14—16

872 325 996 375 XV.

350 433 474 484 Jam
507 447 672 496 pauca
708 435 878 479 aratro
907 431 1095 493 jugera
1130 431 1304 494 regiae

352 501 520 550 Moles
555 500 857 563 relinquent,
898 498 1121 562 undique
1157 498 1315 547 latius

420 569 645 617 Extenta
679 567 912 615 visentur
949 565 1174 615 Lucrino

489 635 690 698 Stagna
715 635 844 693 lacu,
872 633 1214 698 platanusque
1240 634 1441 683 caelebs

351 702 572 752 Evincet
607 703 805 764 ulmos;
844 706 955 749 tum
994 701 1209 750 viola-ria
1244 708 1298 750 et

351 771 562 834 Myrtus
596 775 649 819 et
684 770 851 819 omnis
890 769 1039 832 copia
1074 769 1275 818 narium

423 838 682 903 Spargent
718 836 924 886 olivetis
962 837 1183 897 odorem,

490 906 769 955 Fert-ilibus
809 904 1019 953 domino
1055 905 1239 969 priori;

355 974 491 1023 Tum
525 974 694 1038 spissa
727 973 885 1021 ramis
923 972 1100 1021 laurea
1135 973 1360 1022 fervidos

354 1041 607 1092 Excludet
642 1042 786 1090 ictus,
863 1039 984 1088 Non
1021 1041 1095 1088 ita
1133 1041 1345 1089 Romuli

422 1109 806 1172 Praescriptum
844 1112 898 1156 et
934 1108 1126 1156 intonsi
1165 1107 1383 1156 Catonis

489 1177 768 1241 AuspiciiS,
811 1180 1144 1239 veterumque
1181 1190 1375 1226 norma.

357 1244 602 1294 Privatus
638 1244 739 1292 illis
779 1258 963 1292 census
1001 1249 1112 1292 erat
1146 1243 1330 1303 breviS,

357 1312 639 1363 Commune
666 1327 945 1375 magnum:
984 1311 1126 1359 nulla
1150 1311 1472 1376 decempedis

423 1381 625 1429 Metata
658 1379 875 1444 privatis
913 1393 1123 1442 opacam

493 1448 730 1496 Porticus
767 1447 1052 1511 excipiebat
1087 1446 1300 1506 Arcton,

357 1515 467 1564 Nec
490 1515 758 1564 fortuitum
787 1529 1022 1579 spernere
1049 1514 1325 1577 caespitem

358 1582 528 1646 Leges
564 1583 817 1645 sinebant,
859 1582 1048 1646 oppida
1082 1581 1287 1644 publico

427 1649 646 1714 Sumptu
674 1650 917 1712 jubentes
955 1654 1007 1697 et
1042 1650 1254 1697 deorum

492 1717 708 1781 Templa
743 1730 879 1767 novo
917 1717 1155 1766 decorare
1191 1730 1331 1766 saxo,

867 1904 1021 1954 XVI.

359 2001 539 2052 Otium
576 2000 725 2049 divos
759 2003 912 2062 rogat
947 1999 1002 2046 in
1037 1999 1236 2062 patenti

360 2069 588 2119 Prensus
616 2067 846 2130 Aegae0,
876 2066 1030 2114 simul
1057 2072 1168 2115 atra
1194 2067 1357 2115 nubes

360 2135 606 2186 Condidit
628 2134 801 2182 lunam
830 2149 993 2197 neque
1020 2139 1158 2183 certa
1183 2134 1382 2197 fulgent

564 2202 744 2251 Sidera
781 2202 984 2264 nautis;

361 2270 542 2320 Otium
577 2269 709 2318 bello
746 2269 940 2317 furiosa
977 2268 1190 2329 Thrace,

362 2337 539 2387 Otium
575 2337 718 2385 Medi
754 2337 995 2400 pharetra
1028 2336 1212 2397 decori,

363 2405 613 2469 Grosphe,
639 2419 741 2453 non
767 2405 988 2468 gemmis
1014 2420 1177 2469 neque
1202 2419 1429 2468 purpura
1453 2418 1537 2452 ve-

564 2473 680 2521 nale
706 2487 868 2536 neque
898 2487 1035 2521 auro·

361 2540 413 2590 N
416 2556 481 2589 on
505 2541 642 2589 enim
668 2555 825 2603 gazae
855 2555 1016 2603 neque
1045 2539 1330 2588 consularis

365 2607 667 2658 Summovet
690 2608 838 2655 lictor
865 2607 1080 2654 miseros
1106 2607 1361 2654 tumultus

363 2675 572 2733 Mentis,
610 2681 663 2724 et
698 2689 847 2724 curas
884 2674 1125 2736 laqueata
1161 2674 1347 2722 circum

565 2743 725 2792 Tecta
761 2741 1010 2790 volantes,

368 2862 414 2897 1⁰
436 2864 571 2899 aestus
625 2861 671 2899 17
691 2859 884 2910 cespitem
937 2859 959 2895 2
980 2869 1142 2909 prensus
1197 2859 1219 2895 3
1239 2859 1373 2894 lumen
1428 2858 1450 2895 8
1469 2868 1543 2897 noo

1653 131 1724 187 57

1661 1038 1722 1086 10

1659 1377 1719 1425 15

1657 1714 1721 1762 20

1660 2599 1721 2650 10
