1878 3054
730 187 856 226 ΜΒ.
894 187 935 225 1.
975 174 1023 238 3,
1051 172 1087 223 4
1582 151 1685 224 197

114 320 209 380 Ne,
236 321 282 368 si
305 321 434 369 forte
460 335 582 368 suas
605 320 880 384 repetitum
907 319 1103 367 venerit
1129 319 1250 366 olim

117 389 255 438 Grex
278 388 453 436 avium
476 389 693 450 plumas,
721 393 927 435 moveat
952 387 1210 434 cornicula
1234 387 1393 434 risum

118 456 349 507 Furtivis
374 455 566 503 nudata
589 455 855 503 coloribus.
931 454 1049 517 Ipse
1077 454 1198 517 quid
1226 452 1423 501 audes?
1626 455 1687 499 20

120 525 265 586 Quae
290 523 478 571 circum
505 523 693 570 volitas
720 523 870 585 agilis
895 521 1114 584 thyma?
1187 522 1306 569 Non
1331 522 1425 569 tibi
1450 534 1670 582 parvum

119 591 408 654 Ingenium,
436 606 538 638 non
565 591 811 637 incultum
837 596 917 637 est
943 596 995 637 et
1018 590 1237 651 turpiter
1264 589 1454 636 hirtum
1477 606 1487 636 :

123 659 226 708 Seu
250 658 480 721 linguam
506 658 674 705 causis
701 658 855 717 acuis,
885 672 975 704 seu
1001 658 1165 705 civica
1181 658 1300 719 jura

122 726 452 790 Respondete
477 741 645 788 paras,
673 740 764 773 seu
790 725 967 772 condis
993 725 1210 772 amabile
1236 739 1454 782 carmen,

124 794 301 842 Prima
325 794 455 841 feres
481 791 695 840 hederae
723 792 945 840 victricis
969 793 1207 856 praemia.
1283 792 1433 853 Quod
1459 791 1503 838 si
1629 791 1703 840 25]

124 861 339 924 Frigida
361 875 595 908 curarum
620 861 847 908 fomenta
871 861 1154 923 relinquere
1180 874 1374 922 posses,

126 929 242 993 Quo
267 934 317 976 te
343 928 578 976 caelestis
605 928 858 991 sapientia
883 928 1102 986 duceret,
1128 928 1241 975 ires.

125 993 245 1044 Hoc
268 1011 412 1059 opus,
440 995 534 1044 hoc
560 997 789 1043 studium
815 996 960 1058 parvi
986 1010 1314 1058 properemus
1339 998 1392 1042 et
1417 993 1591 1056 ampli,

59 1078 77 1087 ⁸
128 1063 185 1112 Si
207 1064 404 1127 patriae
430 1063 682 1119 volumus,
709 1063 752 1110 si
779 1063 926 1111 nobis
952 1063 1124 1110 vivere
1151 1063 1265 1111 cari.

127 1131 299 1180 Debes
324 1131 420 1179 hoc
442 1131 598 1178 etiam
624 1131 912 1186 rescribere,
943 1131 1011 1178 sit
1036 1131 1130 1178 tibi
1157 1146 1323 1189 curae,
1631 1130 1694 1177 30

130 1199 368 1261 Quantae
400 1199 687 1257 conveniat,
718 1198 999 1246 Munatius.
1074 1198 1159 1245 An
1186 1199 1317 1246 male
1344 1202 1483 1245 sarta

131 1266 313 1316 Gratia
335 1267 642 1330 nequiquam
666 1265 782 1324 coit,
809 1271 861 1313 et
886 1266 1193 1313 rescinditur
1208 1264 1228 1313 ⁴?
1243 1266 1394 1313 —At
1419 1280 1513 1312 vos

133 1332 235 1382 Seu
259 1334 456 1382 calidus
482 1333 693 1395 sanguis
719 1348 809 1381 seu
833 1349 1000 1380 rerum
1027 1333 1228 1382 inscitia
1254 1338 1409 1380 vexat

131 1401 391 1449 Indomita
415 1401 610 1448 cervice
637 1401 782 1458 feros,
810 1402 1119 1464 ubicumque
1144 1401 1373 1449 locorum

131 1467 339 1527 Vivitis,
368 1468 570 1530 indigni
595 1469 874 1517 fraternum
900 1484 1131 1532 rumpere
1158 1469 1349 1527 foedus,
1634 1466 1697 1515 35

133 1535 373 1584 Pascitur
397 1536 451 1584 in
476 1541 708 1584 vestrum
734 1537 953 1585 reditum
980 1537 1157 1586 votiva
1173 1537 1407 1598 juvenca.

872 1708 966 1757 IV.

134 1810 272 1869 Albi,
300 1814 588 1859 nostrorum
616 1825 904 1859 sermonum
930 1811 1143 1858 candide
1161 1811 1334 1873 judeX,

135 1878 274 1941 Quid
300 1893 434 1926 nunc
458 1886 508 1926 te
534 1879 702 1926 dicam
729 1879 892 1926 facere
920 1879 972 1925 in
998 1879 1206 1941 regione
1235 1875 1484 1926 Pedana?

137 1945 365 1994 Scribere
390 1945 525 2008 quod
554 1945 702 1993 Cassi
732 1946 1027 1993 Parmensis
1055 1946 1300 2008 opuscula
1328 1946 1515 2004 vincat,

135 2012 223 2062 An
248 2013 461 2060 tacitum
488 2013 648 2059 silvas
675 2013 808 2060 inter
831 2018 1032 2076 reptare
1058 2014 1302 2071 salubres,

138 2080 417 2129 curantem
442 2080 680 2143 quicquid
708 2080 922 2143 dignum
949 2081 1179 2143 sapiente
1209 2081 1438 2143 bonoque
1465 2076 1585 2126 est?
1673 2072 1704 2122 5

136 2146 254 2195 Non
279 2153 336 2194 tu
361 2162 544 2209 corpus
569 2162 682 2195 eras
709 2148 818 2195 sine
845 2153 1061 2210 pectore.
1137 2148 1203 2195 Di
1227 2148 1321 2195 tibi
1349 2150 1580 2206 formam,

139 2213 206 2262 Di
229 2213 322 2262 tibi
347 2213 554 2262 divitias
581 2215 831 2262 dederunt
856 2221 1114 2278 artemque
1142 2216 1354 2264 fruendi.

139 2282 276 2344 Quid
303 2289 490 2329 voveat
514 2282 647 2329 dulci
674 2282 929 2329 nutricula
955 2284 1120 2344 maJus
1145 2283 1365 2342 alumno,

139 2349 238 2410 Qui
264 2363 441 2411 sapere
467 2355 518 2396 et
544 2349 637 2396 fari
665 2350 830 2412 possit
856 2365 984 2412 quae
1012 2349 1213 2408 sentiat,
1242 2356 1294 2397 et
1319 2350 1400 2397 cui

139 2414 331 2474 Gratia,
357 2417 507 2474 sama,
537 2417 774 2464 valetudo
801 2418 1066 2479 contingat
1090 2417 1303 2476 abunde,
1648 2408 1708 2455 10

139 2481 209 2530 Et
234 2484 456 2531 mundus
485 2485 648 2530 victus
674 2499 772 2531 non
801 2484 1063 2531 deficiente
1089 2482 1368 2532 crumena?

139 2548 280 2597 Inter
304 2565 444 2612 spem
472 2566 760 2613 curamque,
789 2551 997 2598 timores
1024 2551 1154 2598 inter
1178 2557 1230 2599 et
1256 2552 1371 2610 iras,

141 2615 355 2664 Omnem
381 2618 524 2665 crede
551 2618 682 2665 diem
710 2617 802 2665 tibi
831 2618 1077 2666 diluxisse
1106 2633 1427 2682 supremum:

143 2682 303 2732 Grata
327 2685 662 2747 superveniet,
689 2701 818 2748 quae
843 2701 945 2732 non
971 2686 1273 2748 sperabitur,
1300 2687 1438 2736 hora.

334 2810 381 2845 22
402 2822 473 2846 nec
492 2811 664 2860 turpiter
767 2811 813 2847 30
835 2810 867 2846 si
973 2811 1020 2847 32
1040 2812 1306 2861 nequicquam
1411 2812 1458 2847 32
1479 2823 1523 2848 ac

163 2859 212 2896 33
231 2859 310 2896 heu
328 2860 482 2897 calidus
498 2861 663 2908 sanguis
683 2860 759 2897 beu
815 2861 834 2899 7
856 2860 1025 2898 divicias
1081 2862 1100 2899 7
1122 2863 1317 2898 dederant
1370 2863 1390 2897 9
1411 2874 1531 2912 quam
1552 2873 1694 2913 saporo

410 2911 432 2947 ⁹
453 2915 498 2947 ut
515 2913 644 2962 possit
662 2911 886 2958 Lambinus,
912 2911 1103 2961 Cruqm'ue
1208 2914 1254 2949 10
1277 2912 1456 2949 valitudo
