1846 3034
155 175 277 238 '202
590 194 831 233 ΗΟΒΑΤΙ
873 191 1319 232 Ems'rvnARvu

175 331 352 378 Macra
378 342 560 375 cavum
584 332 779 388 repetes
808 330 990 383 artum,
1019 339 1166 387 quem
1194 337 1366 370 macra
1391 321 1622 370 subisti.’'

176 398 288 444 Hac
314 411 409 457 ego
438 395 481 441 si
508 394 782 456 compellor
806 393 1043 454 imagine,
1073 396 1255 438 cuncta
1279 389 1514 451 resigno;

174 464 282 511 Nec
309 476 540 509 somnum
568 461 730 523 plebis
758 460 909 507 laudo
938 464 1078 505 satur
1105 457 1334 515 altilium,
1361 471 1453 504 nec
1662 461 1724 508 35

177 531 299 579 Otia
324 529 518 576 divitiis
548 528 778 574 Arabum
804 526 1059 573 liberrima
1084 529 1240 572 muto.

177 598 337 659 Saepe
364 595 706 643 verecundum
735 593 971 650 laudasti,
999 606 1186 653 rexque
1211 594 1452 653 paterque

176 664 388 712 Audisti
414 677 596 719 coram,
627 677 718 708 nec
746 661 900 707 verbo
926 659 1127 722 parcius
1153 658 1365 718 absens3

175 731 377 797 Inspice
398 730 447 776 si
471 742 680 791 possum
709 728 900 775 donata
927 740 1167 789 reponere
1195 725 1372 772 laetus.

244 864 403 911 Haud
428 863 558 909 male
586 860 939 918 Telemachus,
966 859 1133 923 proles
1156 857 1400 921 patientis
1425 856 1597 904 Ulixei
1618 873 1630 904 ε
1667 861 1729 907 40

178 934 206 955 “
224 931 342 978 Non
367 935 446 977 est
472 935 621 991 aptus
648 930 791 991 equis
821 928 996 975 Ithace
1023 927 1177 984 locus,
1204 930 1262 973 ut
1286 939 1448 987 neque
1472 923 1638 987 planis

177 997 446 1045 Porrectus
473 997 654 1058 spatiis
681 1011 771 1043 nec
799 995 989 1042 multae
1014 993 1260 1056 prodigus
1286 992 1503 1052 herbae;

177 1064 373 1121 Atride,
401 1064 566 1125 magis
592 1069 713 1125 apta
738 1063 831 1110 tibi
860 1067 949 1108 tua
976 1062 1110 1109 dona
1134 1059 1465 1122 relinquam.''

178 1130 402 1178 Parvum
427 1145 584 1192 parva
609 1131 788 1177 decent
809 1147 821 1190 ;
862 1128 988 1175 mihi
1006 1128 1112 1188 jam
1139 1141 1239 1174 non
1264 1126 1405 1187 regia
1430 1124 1612 1183 Roma,

178 1197 279 1245 Sed
306 1208 519 1244 vacuum
547 1197 704 1243 Tibur
729 1196 897 1259 placet
926 1200 1015 1243 aut
1040 1193 1239 1241 imbelle
1266 1193 1557 1240 Tarentum.
1666 1194 1731 1242 45

177 1263 425 1312 Strenuus
450 1269 500 1310 et
526 1264 669 1310 fortis
697 1264 967 1325 causisque
998 1261 1267 1323 Philippus
1293 1258 1507 1321 agendis

177 1331 373 1387 Clarus,
402 1332 464 1377 ab
490 1330 661 1377 officiis
689 1335 926 1377 octavam
956 1328 1153 1375 circiter
1179 1327 1355 1374 horam

177 1398 313 1445 Dum
339 1398 483 1454 redit,
512 1402 662 1459 atque
691 1397 824 1444 Foro
854 1395 1068 1442 nimium
1094 1395 1282 1442 distare
1310 1393 1525 1441 Carinas

176 1465 212 1512 J
218 1480 295 1511 am
323 1465 529 1526 grandis
556 1469 679 1511 natu
705 1464 949 1526 queritur,
979 1461 1254 1523 conspexit,
1283 1464 1340 1507 ut
1365 1459 1523 1517 aiunt,

177 1532 435 1578 Adrasum
461 1531 711 1593 quendam
743 1545 906 1577 vacua
932 1529 1158 1576 tonsoris
1184 1528 1234 1574 in
1259 1527 1439 1574 umbra
1668 1528 1731 1575 50

178 1597 395 1645 Cultello
422 1598 651 1659 proprios
672 1601 986 1660 vpurgantem
1016 1595 1195 1642 leniter
1220 1608 1430 1655 ungues.

179 1668 207 1689 “
227 1664 722 1726 Demetri,'’—puer
749 1663 828 1710 hic
856 1678 959 1710 non
987 1662 1130 1709 laeve
1158 1663 1305 1723 jussa
1331 1659 1554 1723 Philippi

177 1730 597 1793 Accipiebat—“
617 1731 712 1788 abi,
743 1745 930 1792 quaere
958 1734 1010 1776 et
1038 1729 1181 1787 refer,
1208 1728 1342 1775 unde
1367 1728 1533 1785 domo,
1560 1726 1688 1789 quis,

178 1797 337 1859 Cujus
365 1798 606 1854 fortunae,
634 1812 731 1859 quo
759 1797 827 1844 sit
854 1802 1016 1859 patre,
1047 1810 1212 1858 quove
1238 1795 1504 1858 patrono.''

177 1863 240 1922 It,
267 1865 398 1911 redit
421 1869 472 1911 et
497 1870 684 1922 narrat,
713 1864 976 1911 Volteium
1006 1862 1207 1910 nomine
1234 1861 1456 1920 Menam,
1669 1861 1731 1908 55

178 1930 499 1989 Praeconem,
526 1931 666 1978 tenui
692 1946 860 1988 censu,
892 1931 999 1977 sine
1029 1930 1250 1987 crimine,
1277 1933 1455 1976 notum

177 1997 248 2044 Et
272 2013 538 2059 properare
563 1998 672 2045 loco
697 2003 749 2044 et
775 2012 990 2054 cessare,
1019 2001 1071 2043 et
1097 2010 1336 2059 quaerere
1361 2000 1413 2042 et
1437 1994 1528 2053 uti,

178 2063 497 2112 Gaudentem
522 2065 794 2127 parvisque
825 2064 1089 2111 sodalibus
1115 2068 1166 2110 et
1191 2063 1293 2110 lare
1319 2067 1454 2110 certo

177 2130 247 2177 Et
271 2131 403 2178 ludis
427 2135 478 2177 et
503 2135 619 2192 post
644 2131 814 2178 decisa
842 2131 1050 2193 negotia
1079 2130 1286 2192 Campo.

178 2201 206 2221 “
222 2197 404 2244 Scitari
429 2197 553 2243 libet
576 2213 638 2244 ex
665 2198 773 2260 Ipso
803 2198 1154 2260 quodcumque
1179 2197 1368 2258 refers3
1405 2195 1486 2243 dic
1672 2194 1733 2241 60

178 2263 264 2312 Ad
288 2279 462 2311 cenam
488 2265 708 2312 veniat.⁷'
782 2264 901 2311 Non
927 2279 1049 2311 sane
1075 2264 1272 2311 credere
1299 2263 1469 2321 Mena,

177 2331 358 2378 Mirari
383 2346 554 2378 secum
579 2331 781 2378 tacitus.
860 2331 995 2391 Quid
1022 2330 1221 2378 multa?
1296 2334 1323 2354 ‘⁴
1341 2329 1620 2391 Benigne,''

119 2407 123 2411 '
177 2396 487 2460 Respondet.
563 2402 590 2422 “
610 2397 783 2459 Negat
811 2397 895 2444 ille
922 2395 1130 2444 mihi?’²
1203 2397 1423 2458 “Negat
1457 2395 1733 2457 improbus,

177 2529 228 2577 N
231 2469 427 2592 631θὲῗέ
445 2469 534 2578 git
559 2531 778 2577 horret.’'
849 2531 1114 2578 Volteium
1140 2545 1287 2577 mane
1315 2529 1584 2592 Philippus

178 2593 317 2643 Vilia
344 2598 645 2644 vendentem
672 2597 904 2644 tunicato
932 2603 1103 2644 scruta
1127 2597 1325 2659 popello
1671 2591 1732 2638 65

180 2661 421 2725 Occupat,
448 2669 501 2711 et
526 2664 721 2711 Salvere
751 2664 897 2724 jubet
921 2664 1068 2725 prior.
1141 2664 1235 2711 Ille
1263 2663 1499 2724 Philippo

230 2814 277 2851 33
297 2814 404 2865 quod
498 2816 545 2851 38
565 2826 636 2851 nec
654 2815 774 2851 laudo
866 2815 912 2850 50
933 2814 1119 2850 abrasum
1209 2815 1254 2850 51
1276 2815 1520 2849 resecantem
1537 2811 1683 2848 leniter

413 2866 459 2902 55
482 2865 688 2902 Vulteium
789 2864 835 2902 60
856 2876 1127 2914 quaecumque
1231 2865 1277 2900 63
1297 2866 1416 2911 neget
1434 2863 1501 2899 ille
