1878 3054
687 142 1169 207 LIB.111.11,‘12
1229 155 1236 159 ·

377 292 523 355 Quae
548 293 759 338 manent
783 288 958 352 culpas
983 288 1141 336 etiam
1167 287 1261 335 sub
1289 286 1432 336 OreO.

374 359 585 423 Impiae‚
599 384 664 392 —
679 372 800 405 nam
827 356 950 419 quid
974 360 1186 419 potuere
1211 356 1405 418 majus.
1393 353 1413 391 7
1429 380 1498 389 -

375 427 572 491 Impiae
598 439 816 489 sponsos
842 428 1054 487 potuere
1082 423 1209 471 duro

648 493 862 540 Perdere
890 491 1050 540 ferrol

376 562 499 611 Una
520 560 586 609 de
609 561 801 618 multis,
832 560 941 607 face
969 559 1187 622 nuptiali

378 630 568 692 Digna,
594 630 855 691 perjurum
887 627 987 675 fuit
1011 628 1064 674 in
1089 631 1355 690 parentem

378 695 654 762 Splendide
681 697 918 754 mendax,
946 701 999 743 et
1023 696 1077 742 in
1102 710 1248 743 omne
1274 694 1422 756 virgo

646 763 849 812 Nobilis
878 779 1077 823 aevum,

333 836 363 859 ‘⁴
382 831 598 895 Surge,'’
624 846 755 894 quae
782 831 913 880 dixit
931 831 1111 893 juveni
1138 830 1339 889 marit0,

332 904 362 926 ‘⁴
380 899 557 962 Surge,
585 913 647 946 ne
674 900 860 962 longus
887 899 982 947 tibi
1010 913 1235 957 somnus,
1264 897 1398 945 unde
1459 934 1461 936 >

378 967 501 1016 Non
524 966 692 1026 timeS,
721 968 904 1029 detur;
942 981 1174 1014 socerum
1199 970 1252 1014 et
1276 966 1520 1013 scelestas

624 1007 791 1083 F’ane
819 1050 1033 1093 sorores,

379 1103 539 1165 Quae,
566 1103 708 1152 velut
731 1110 913 1151 nactae
940 1102 1132 1150 vitulos
1156 1101 1378 1160 leaenae,

378 1171 623 1235 Singulos
647 1170 778 1219 eheu
803 1171 1059 1218 lacerant:
1097 1185 1194 1232 ego
1221 1169 1324 1217 illis
1387 1194 1391 1197 ·

377 1238 588 1288 Mollior
612 1254 704 1286 nec
728 1244 779 1286 te
804 1239 997 1297 feriam,
1026 1253 1188 1301 neque
1213 1237 1350 1285 intra

648 1307 892 1356 Claustra
916 1306 1115 1354 tenebo.

377 1373 466 1423 Me
488 1380 635 1439 pater
659 1374 830 1422 saevis
857 1378 1032 1422 oneret
1057 1372 1268 1432 catenis,

380 1443 530 1504 Quod
556 1444 666 1490 viro
691 1442 914 1490 clemens
940 1442 1127 1489 misero
1152 1439 1352 1504 peperci
1373 1456 1385 1501 3

377 1509 466 1558 Me
491 1510 573 1558 vel
597 1516 852 1559 extremos
879 1509 1224 1557 Numidarum
1247 1508 1297 1555 in
1325 1520 1478 1570 agros

649 1578 828 1627 Classe
855 1578 1061 1640 releget.

375 1644 418 1704 1,
444 1645 603 1708 pedes
628 1661 727 1709 quo
753 1650 803 1693 te
829 1643 1038 1707 rapiunt
1063 1649 1117 1692 et
1142 1658 1309 1702 aurae,

377 1712 515 1761 Dum
541 1714 680 1761 favet
706 1728 807 1760 nox
831 1718 883 1760 et
910 1713 1087 1760 Venus
1108 1729 1120 1773 3
1160 1712 1176 1758 i
1203 1710 1427 1759 secundo

380 1778 579 1839 Omine,
605 1785 658 1829 et
683 1780 846 1828 nostri
874 1794 1152 1827 memorem
1178 1777 1449 1841 sepulchro

648 1847 830 1910 Scalpe
857 1847 1185 1911 querellam.'’

899 2003 1027 2052 XII.

444 2113 753 2163 Miserarum
779 2117 859 2162 est
883 2129 1046 2176 neque
1073 2111 1233 2160 amori

445 2181 581 2231 Dare
606 2182 798 2241 ludum,
828 2196 989 2244 neque
1016 2181 1152 2229 dulci

242 2245 387 2296 Mala
410 2248 529 2297 vino
555 2249 738 2307 lavere,
768 2254 856 2296 aut
880 2247 1160 2295 exanimari
1189 2250 1475 2294 metuentes

516 2317 734 2365 Patruae
762 2316 973 2363 verbera
998 2316 1219 2378 linguae.

446 2382 560 2431 Tibi
587 2384 796 2447 qualum
825 2383 1111 2447 Cythereae

446 2451 583 2498 Puer
609 2452 729 2510 ales,
759 2452 853 2499 tibi
880 2451 1010 2499 telas

244 2513 601 2582 operosaeque
629 2519 898 2567 Minervae
921 2518 1150 2567 studium
1179 2515 1358 2574 aufert,
1386 2510 1633 2569 Neobule‚

515 2586 751 2649 Liparaei
779 2587 914 2635 nitor
941 2586 1120 2643 Hebri,

450 2651 613 2701 Simul
640 2660 823 2703 unctos
852 2653 1109 2702 Tiberinis

447 2719 707 2769 Humeros
734 2722 863 2769 lavit
889 2722 940 2768 in
967 2721 1133 2779 nudie,

297 2845 347 2883 2⁹
364 2847 495 2898 effipia
626 2849 687 2894 31,
708 2849 756 2886 32
776 2849 880 2886 ferro
901 2848 1073 2886 Perdere
1093 2848 1192 2884 duro
1321 2844 1369 2881 49
1389 2842 1550 2892 rapient

551 2899 598 2936 52
618 2900 755 2949 sculpe
1043 2899 1090 2935 52
1110 2897 1312 2947 querelam

1662 354 1725 399 30

1664 692 1727 740 35

1663 1028 1727 1076 40

1668 1372 1729 1420 45

1675 2711 1735 2758 10
