1878 3054
246 167 348 217 104
703 166 944 217 HOR'ATI
988 179 1333 221 CARMINVM

374 310 582 358 Clarum
621 310 949 373 Tyndaridae
986 312 1130 359 sidus
1166 313 1230 360 ab
1265 313 1478 362 infimis·
1543 318 1547 320 ’

374 378 605 438 Quassas
640 378 858 440 eripiunt
895 379 1199 440 aequoribus
1233 385 1384 439 rates,

373 443 600 492 Ornatus
636 444 788 492 viridi
822 450 1053 507 tempora
1088 446 1329 509 pampino

372 511 526 559 Liber
562 516 682 558 vota
718 512 878 559 bonos
914 512 1056 560 ducit
1092 513 1158 560 ad
1192 513 1371 562 exitus.

970 703 1068 752 IX.

437 803 519 853 Ne
555 804 684 853 forte
720 805 896 853 credas
933 806 1215 865 interitura,
1254 821 1399 870 quae,

438 871 617 934 Longe
653 879 918 920 sonantem
957 880 1110 921 natus
1145 874 1209 922 ad
1248 875 1510 934 Aufidum,

504 939 623 986 Non
661 946 778 987 ante
816 940 1051 1002 volgatas
1087 956 1176 1003 per
1211 950 1360 1000 artes,

571 1006 744 1054 Verba
779 1007 957 1070 loquor
993 1008 1234 1056 socianda
1271 1009 1504 1058 chordis:

438 1072 570 1132 Non,
610 1075 652 1120 si
686 1075 880 1137 priores
917 1074 1187 1123 Maeonius
1221 1080 1363 1124 tenet

440 1140 599 1189 Sedes
637 1141 908 1199 Homerus,
950 1142 1250 1191 Pindaricae
1286 1143 1449 1192 latent

506 1207 736 1271 Ceaeque
772 1214 824 1256 et
861 1209 1036 1256 Alcaei
1073 1211 1296 1259 minaces

573 1275 947 1338 Stesichorique
973 1292 1159 1339 graves
1185 1278 1439 1327 Camenae
1460 1296 1473 1341 ;

436 1341 560 1400 Nec,
599 1343 642 1389 si
678 1344 798 1406 quid
835 1343 953 1390 olim
990 1345 1112 1392 lusit
1147 1346 1430 1404 Anacreon,

436 1408 640 1457 Delevit
664 1416 846 1471 >aetas;
885 1412 1045 1474 spirat
1082 1412 1244 1460 adhuc
1281 1427 1423 1460 amor

504 1476 802 1540 Vivuntque
839 1479 1099 1527 commissi
1136 1479 1327 1527 calores

571 1545 783 1592 Aeoliae
820 1545 1004 1594 fidibus
1039 1547 1249 1610 puellae.

437 1609 489 1658 N
493 1625 558 1657 on
594 1613 704 1659 sola
738 1618 967 1676 comptos
1007 1614 1134 1662 arsit
1170 1615 1387 1663 adulteri

439 1677 632 1738 Orines,
670 1684 721 1727 et
758 1695 934 1728 aurum
975 1682 1204 1730 vestibus
1239 1682 1425 1731 illitum

503 1744 694 1794 Mirata
726 1748 1026 1812 regalesque
1063 1750 1231 1798 cultus

571 1813 641 1861 Et
675 1815 887 1863 comites
925 1816 1120 1864 Helene
1157 1817 1409 1878 Lacaena,

438 1879 706 1930 Primusve
743 1882 936 1933 Teucer
970 1885 1073 1932 tela
1112 1884 1347 1948 Cydonio

436 1947 636 1997 Dirc-xit
671 1965 817 2012 arcu;
853 1965 955 1999 non
993 1954 1147 2000 semel
1184 1953 1310 2001 Ilios

502 2015 735 2079 Vexata;
772 2034 872 2067 non
908 2021 1164 2082 pugnavit
1198 2022 1378 2084 ingens

569 2085 875 2134 Idomeneus
913 2086 1250 2136 Sthenelusve
1286 2090 1426 2139 solus

436 2149 664 2200 Dicenda
699 2153 867 2201 Musis
902 2156 1122 2217 proelia;
1159 2171 1260 2204 non
1295 2157 1439 2205 ferox

435 2216 631 2267 Hector
666 2221 747 2268 vel
784 2236 896 2269 acer
933 2222 1228 2287 Deiphobus
1265 2239 1450 2287 graves

502 2288 716 2352 Excepit
749 2290 881 2339 ictus
916 2307 1005 2355 pro
1039 2293 1237 2356 pudicis

571 2357 888 2420 Oonjugibus
921 2362 1192 2424 puerisque
1226 2361 1433 2424 primus.

435 2422 622 2472 Vixere
659 2425 814 2473 fortes
851 2432 968 2475 ante
1007 2429 1401 2491 Agamemnona

434 2488 621 2544 Multi:
657 2491 746 2541 sed
783 2509 957 2542 omnes
991 2496 1382 2545 inlacrimabiles

503 2558 767 2620 Urge-ntur
803 2564 1066 2626 ignotique
1103 2564 1258 2626 longa

566 2627 744 2685 Nocte,
783 2635 955 2677 carent
988 2630 1108 2693 quia
1142 2636 1260 2679 vate
1295 2646 1449 2680 sacro.

435 2693 651 2742 Paulum
690 2697 917 2759 sepultae
953 2698 1113 2746 distat
1146 2699 1356 2746 inertiae

437 2760 614 2810 Celata
649 2763 825 2811 virtus.
898 2764 1016 2812 Non
1052 2780 1148 2827 ego
1182 2769 1233 2813 te
1268 2765 1395 2814 meis

311 2887 361 2925 34
379 2888 498 2926 duxit
574 2891 596 2927 3
617 2891 804 2939 vulgatas
881 2893 906 2929 4
924 2893 1066 2944 loquar
1145 2895 1192 2931 19
1213 2906 1283 2931 nec
1353 2894 1402 2931 26
1422 2894 1720 2933 illacrimabiles

1733 1418 1792 1464 10

1734 1751 1791 1798 15

1730 2102 1790 2147 20

1728 2434 1789 2480 25

1726 2765 1785 2810 30
