1878 3054
0 0 121 162 ,Γ
212 1 220 8 .

98 312 373 376 Ingustata
396 309 521 358 mihi
544 315 841 373 porrexerat
864 310 954 358 ilia
978 310 1195 360 rhombi.
1604 315 1667 362 30

99 380 224 429 Post
249 379 343 426 hoc
366 393 446 426 me
472 378 644 426 docuit
669 377 922 425 melimela
946 378 1125 425 rubere
1151 378 1398 424 minorem

96 447 183 497 Ad
207 446 379 494 lunam
406 445 618 493 delecta.
693 445 829 505 Quid
856 444 950 492 hoc
975 445 1191 503 intersit,
1222 446 1285 492 ab
1313 445 1425 508 ipso

96 513 339 562 Audieris
364 512 559 559 melius.
633 511 764 559 Tum
792 512 1033 560 Vibidius
1059 513 1341 571 Balatroni,

96 585 126 606 “
143 581 252 629 Nos
275 580 374 628 nisi
398 580 642 627 damnose
671 580 904 637 bibimus,
934 580 1209 627 moriemur
1234 580 1381 628 inulti
1402 597 1415 642 ;
1434 581 1464 608 ''

95 647 165 697 Et
188 647 371 696 calices
395 647 562 710 poscit
586 648 813 708 majores.
888 646 1102 694 Vertere
1130 647 1296 710 pallor
1604 652 1665 699 35

95 715 224 764 Tum
248 714 457 778 parochi
483 715 676 772 faciem,
706 715 776 762 nil
804 714 877 762 sic
901 715 1181 762 metuentis
1207 721 1264 762 ut
1290 730 1433 763 acres

94 782 322 840 Potores,
349 782 430 829 vel
455 781 592 844 quod
618 781 751 829 male
779 782 958 829 dicunt
981 781 1189 830 liberius
1216 782 1296 830 vel

94 848 314 898 Fervida
338 849 475 912 quod
500 848 686 896 subtile
712 849 996 897 exsurdant
1022 849 1143 897 vina
1167 849 1412 913 palatum.

92 915 362 965 Invertunt
387 915 631 965 Allifanis
659 917 857 964 vinaria
881 920 992 964 tota

94 983 333 1032 Vibidius
358 983 684 1046 Balatroque,
714 984 903 1032 secutis
930 984 1198 1046 omnibus;
1236 984 1326 1032 imi
1601 988 1664 1034 40

95 1047 357 1101 Convivae
382 1051 500 1100 lecti
526 1051 746 1099 nihilum
772 1066 989 1100 nocuere
1015 1051 1228 1114 lagenis,

728 178 853 218 ms.
892 178 960 218 11.
1001 165 1036 217 8
1566 165 1668 219 189

160 1185 381 1234 Affertur
404 1186 618 1249 squillas
644 1186 777 1234 inter
801 1201 1012 1234 murena
1038 1190 1277 1234 natantes

91 1252 155 1302 In
177 1253 352 1318 patina
375 1259 621 1317 porrecta.
699 1254 805 1303 Sub
841 1253 936 1302 hoc
974 1253 1127 1301 herus
1165 1259 1192 1279 “
1214 1254 1360 1302 Haec
1396 1254 1661 1316 gravida,''

94 1391 122 1414 “
140 1327 670 1453 cgptgngffltfieoerior
694 1392 813 1453 post
837 1395 1044 1451 partum
1071 1403 1221 1436 carne
1247 1388 1434 1440 futura.

94 1454 194 1504 nis
217 1457 435 1504 mixtum
463 1457 550 1518 jus
575 1461 684 1504 est:
723 1456 833 1503 oleo
859 1455 996 1519 quod
1023 1456 1188 1518 prima
1213 1455 1428 1504 Venafri
1605 1459 1666 1505 45

93 1521 285 1572 Pressit
308 1524 464 1585 cella;
501 1538 626 1586 garo
651 1523 713 1571 de
740 1523 876 1571 sucis
903 1524 1059 1587 piscis
1088 1522 1267 1570 Hiberi
1289 1543 1309 1585 ,-

94 1589 231 1640 Vino
253 1591 585 1655 quinquenni,
615 1605 793 1638 verum
820 1591 946 1639 citra
971 1605 1108 1638 mare
1135 1595 1272 1649 nato,

93 1655 230 1706 Dum
254 1658 731 1722 coquitur—cocto
759 1657 948 1705 Chium
974 1658 1048 1706 sic
1074 1658 1327 1715 convenit,
1355 1661 1414 1706 ut
1439 1673 1539 1706 non

95 1721 210 1774 Hoc
234 1726 399 1789 magis
424 1725 583 1773 ullum
610 1725 749 1774 aliud
766 1742 859 1786 3—
875 1725 1050 1787 pipere
1078 1724 1208 1783 albo,
1236 1739 1337 1771 non
1363 1725 1471 1773 sine
1499 1728 1658 1785 acet0,

94 1791 241 1854 Quod
267 1792 689 1856 Methymnaeam
717 1792 842 1840 vitio
868 1792 1148 1839 mutaverit
1173 1807 1340 1840 uvam.
1603 1794 1666 1841 50

94 1856 287 1908 Brucas
314 1860 514 1918 virideS,
543 1860 710 1908 inulas
737 1874 833 1921 ego
858 1859 1052 1922 primus
1081 1873 1281 1906 amaras

94 1924 383 1976 Monstravi
409 1928 711 1990 incoquere;
749 1926 942 1974 inlutos
970 1926 1219 1975 Curtillus
1244 1925 1467 1986 echinos,

95 1990 171 2042 Ut
191 1994 373 2043 melius
396 1995 563 2043 muria
588 1995 723 2058 quod
750 1999 887 2042 testa
913 1994 1110 2041 marina
1135 1994 1416 2041 remittat.’'

94 2058 298 2111 Interea
321 2076 572 2125 suspensa
598 2076 785 2125 graves
813 2061 993 2109 aulaea
1017 2061 1191 2108 ruinas

95 2126 159 2176 In
182 2130 410 2192 patinam
434 2129 609 2189 fecere,
637 2129 898 2178 trahentia
924 2128 1152 2192 pulveris
1179 2127 1275 2175 atri

97 2194 356 2256 Quantum
381 2211 480 2244 nou
508 2197 700 2259 Aquilo
728 2196 1011 2259 Campanis
1036 2196 1227 2244 excitat
1253 2195 1408 2258 agris.

94 2258 206 2310 Nos
229 2265 391 2326 majus
415 2264 579 2322 veriti,
606 2270 878 2328 postquam
904 2263 1031 2311 nihil
1058 2278 1170 2327 esse
1230 2263 1369 2311 ericli

101 2326 376 2388 Sensimus,
402 2331 674 2393 erigimurg
702 2331 879 2382 Ruri-'us
902 2330 1072 2397 posito
1098 2348 1208 2395 capi
1234 2329 1430 2390 &fut-si
1504 2385 1526 2390 „

102 2393 264 2444 Filius
289 2398 592 2446 immaturus
606 2397 827 2458 pbisset,
851 2399 982 2447 flere.
1058 2400 1185 2462 Quis
1210 2403 1348 2447 esset
1559 2396 1561 2398 ’

102 2459 259 2520 Finis,
286 2464 337 2511 ni
364 2464 570 2527 sapiens
593 2467 671 2514 sic
696 2465 1053 2516 Nomentanus
1079 2467 1303 2515 amicum

102 2526 348 2578 Tolleret:
389 2535 415 2556 ‘⁶
435 2530 571 2593 Heu,
587 2533 844 2594 'For-tuna,
871 2528 985 2596 q'nis
1010 2539 1090 2581 est
1116 2532 1368 2581 crudelior
1393 2531 1445 2578 in
1470 2545 1553 2579 nos

102 2591 174 2643 Te
198 2594 359 2645 deus?
431 2596 507 2645 Ut
529 2593 734 2663 &emper
759 2599 957 2662 gaudes
979 2600 1192 2648 illudere
1219 2600 1372 2647 rebus

105 2658 360 2710 Humanis
377 2661 388 2711 l
405 2665 433 2690 '’
504 2661 702 2714 Varius
727 2680 913 2731 mappa
938 2680 1255 2729 compescere
1282 2666 1442 2712 risum

109 2724 207 2775 Vix
231 2734 445 2792 poterat.
515 2730 731 2781 Balatro
757 2732 1073 2796 suspendens
1099 2734 1270 2782 omnia
1297 2746 1437 2790 nas0,

771 2849 820 2887 u
838 2849 1058 2887 moriamur
1134 2851 1181 2886 40
1203 2850 1294 2886 imis
1365 2848 1413 2884 42
1430 2857 1543 2884 mura

739 2910 877 2950 zquam
978 2901 1026 2937 ⁶3
1047 2901 1217 2936 remittit
