1878 3054
735 140 861 180 mn.
900 140 998 179 111.
1036 128 1109 181 27

335 268 420 323 Sic
443 277 497 321 et
522 273 726 336 Europe
751 273 958 320 niveum
985 273 1163 321 doloso

338 340 571 390 Credidit
595 345 742 388 tauro
767 341 920 398 latuS,
948 346 1001 388 et
1026 344 1311 388 scatentem

334 407 512 456 Beluis
535 413 749 471 pontum
775 408 1071 470 mediasque
1097 408 1304 456 fraudes

537 475 735 524 Palluit
772 476 954 523 audaX.

335 541 516 606 Nuper
537 543 591 590 in
615 543 782 606 pratis
809 543 1041 590 studiosa
1067 541 1247 590 florum
1272 546 1326 591 et

336 609 556 658 Debitae
581 610 845 673 Nymphis
871 611 1042 673 opifex
1068 625 1301 669 coronae,

336 677 505 726 Nocte
532 679 777 726 sublustri
804 678 932 726 nihil
958 683 1100 726 astra
1123 682 1326 741 praeter

539 745 689 794 Vidit
724 752 777 794 et
813 747 991 794 undas.

341 812 488 874 Quae
515 812 666 860 simul
693 818 899 862 centum
924 813 1101 877 tetigit
1123 817 1387 876 potentem

339 879 559 944 Oppidis
588 881 791 940 Creten,
822 886 849 906 ‘⁴
873 882 1045 940 Pater,
1074 896 1102 928 o
1127 881 1360 929 relictum

340 946 506 996 Filiae
531 963 730 1008 nomen,
758 949 1074 1012 pietasque,’'
1102 949 1248 1009 dixit,

543 1016 739 1065 “Victa
774 1015 969 1064 furore!

340 1081 511 1142 Unde,
538 1099 652 1147 quo,
681 1082 836 1132 veni?
909 1083 1066 1132 Levis
1091 1099 1194 1131 una
1217 1099 1358 1131 mors
1382 1087 1464 1133 est

339 1150 619 1214 Virginum
646 1152 838 1214 culpae.
911 1151 1220 1213 Vigilansne
1246 1152 1390 1215 ploro

342 1217 512 1282 Turpe
537 1220 882 1277 commissum,
911 1234 976 1267 an
1003 1219 1147 1268 vitiis
1174 1223 1432 1267 carentem

545 1287 705 1334 Ludit
740 1288 913 1350 imago

341 1351 509 1411 Vana,
537 1369 667 1417 quae
692 1361 841 1417 porta
865 1354 1068 1417 fugiens
1094 1355 1288 1402 eburna

346 1419 610 1469 Somnium
635 1421 813 1471 ducit?
887 1423 1142 1470 Meliusne
1169 1421 1353 1470 fluctus

345 1488 428 1537 Ire
453 1504 543 1553 per
568 1490 750 1553 longos
777 1490 885 1549 fuit,
916 1506 981 1538 an
1007 1495 1237 1538 recentes

547 1556 765 1621 Carpere
803 1556 987 1606 flores?

348 1622 406 1674 Si
430 1623 545 1688 quis
570 1625 809 1674 infamem
838 1625 964 1673 mihi
990 1640 1124 1674 nunc
1151 1625 1428 1688 juvencum

346 1691 520 1741 Dedat
544 1692 720 1750 iratae,
748 1694 970 1741 lacerare
997 1693 1127 1741 ferro
1153 1698 1204 1741 et

347 1759 609 1823 Frangere
635 1760 800 1809 enitar
825 1761 977 1808 modo
1004 1760 1220 1808 multum
1246 1758 1406 1808 amati

551 1827 757 1876 Cornua
794 1828 1022 1876 monstri.

344 1893 624 1958 Impudens
650 1895 774 1958 liqui
801 1895 994 1957 patrios
1021 1895 1258 1953 PenateS,

346 1961 628 2026 Impudens
656 1961 844 2011 Orcum
872 1978 1052 2010 moror.
1129 1962 1172 2011 Ο
1201 1963 1409 2010 deorum

346 2028 402 2078 Si
427 2029 542 2093 quis
569 2029 694 2078 haec
720 2030 881 2088 audis,
910 2031 1108 2078 utinam
1134 2030 1267 2077 inter
1291 2044 1453 2077 errem

549 2097 705 2146 Nuda
740 2095 940 2146 leones!

347 2163 641 2228 Antequam
668 2166 832 2229 turpis
859 2165 1046 2214 macies
1073 2165 1310 2214 decentes

348 2230 577 2295 Occupet
601 2233 779 2291 malas,
808 2239 1113 2296 teneraeque
1141 2248 1293 2281 sucus

348 2298 556 2347 Defluat
582 2301 812 2363 praedae,
842 2300 1071 2363 speciosa
1096 2315 1283 2364 quaero

556 2367 771 2415 Pascere
810 2369 981 2430 tigres.

276 2448 284 2455 ·
349 2433 511 2482 ‘Vilis
537 2434 774 2499 Europe‚’
798 2442 943 2497 pater
968 2438 1116 2497 urget
1143 2435 1342 2492 absens,

348 2505 360 2526 ‘
379 2501 516 2563 Quid
541 2504 668 2551 mori
695 2501 908 2551 cessas?
982 2503 1139 2550 Potes
1168 2501 1261 2551 hac
1287 2501 1350 2549 ab
1376 2514 1500 2550 orno

350 2567 636 2617 Pendulum
664 2585 791 2618 zona
816 2571 943 2617 bene
969 2575 1019 2617 te
1047 2574 1222 2617 secuta

550 2637 774 2685 Laedere
813 2638 1012 2685 collum.

349 2701 467 2752 Sive
491 2708 542 2752 te
568 2719 720 2767 rupes
744 2709 796 2752 et
821 2709 970 2752 acuta
994 2705 1097 2752 leto

368 2857 415 2895 27
436 2857 581 2894 belluis
685 2858 733 2894 48
754 2857 861 2894 tauri
968 2858 1014 2894 54
1035 2867 1175 2893 succus
1281 2856 1327 2892 60
1348 2854 1495 2891 elidere

1633 126 1714 179 89·

1644 280 1706 327 25

1645 617 1709 664 30

1646 953 1709 1000 35

1650 1290 1712 1335 40

1648 1627 1712 1674 45

1650 1966 1802 2013 50*

1653 2302 1714 2350 55

1655 2645 1716 2692 60
