1878 3054
702 173 826 212 mn.
865 173 906 213 1.
946 159 1128 213 29-32

823 342 1036 392 XXXI.

347 449 485 512 Quid
509 448 797 498 dedicatum
821 447 992 510 poscit
1018 446 1315 510 Apollinem

347 515 551 567 Vates?
589 515 713 579 quid
739 520 865 573 orat,
895 515 957 563 de
985 520 1167 578 patera
1191 530 1382 563 novum

415 584 658 633 Fundens
683 581 972 646 liquorem?
1049 583 1170 631 Non
1195 583 1396 646 opimae

486 650 755 700 Sardiniae
793 655 996 713 segetes
1032 651 1238 710 feraceS,

350 719 471 768 Non
508 724 775 767 aestuosae
811 722 962 781 grata
999 717 1269 767 Calabriae

350 788 620 846 Armenta,
648 802 750 835 non
777 802 958 834 aurum
986 792 1076 835 aut
1099 788 1225 835 ebur
1248 787 1501 848 Indicum,

420 855 540 904 Non
574 869 694 903 rura
728 870 858 918 quae
896 855 1032 903 Liris
1068 856 1243 919 quieta

485 923 691 971 Mordet
727 938 877 986 aqua,
916 923 1205 971 taciturnus
1241 923 1419 971 amnis.

354 990 600 1039 Premant
638 990 831 1040 Calena
869 991 997 1039 falce
1034 991 1219 1055 quibus
1255 991 1397 1040 dedit

353 1058 587 1107 Fortuna
622 1059 793 1117 vitem,
838 1059 983 1107 dives
1018 1064 1071 1107 et
1109 1059 1275 1107 aureis

421 1126 680 1174 Mercator
714 1126 939 1175 exsiccet
974 1127 1178 1175 culullis

487 1193 626 1242 Vina
663 1193 798 1257 Syra
837 1199 1075 1258 reparata
1109 1210 1290 1253 merce,

358 1262 452 1311 Dis
476 1277 624 1310 carus
649 1262 791 1325 ipsis,
825 1263 1010 1326 quippe
1036 1268 1114 1310 ter
1139 1268 1191 1311 et
1214 1266 1398 1326 quater

354 1330 511 1379 Anno
535 1329 768 1378 revisens
800 1345 990 1393 aequor
1015 1330 1343 1379 Atlanticum

421 1397 667 1461 Impune:
706 1413 786 1445 me
826 1403 1048 1460 pascunt
1084 1398 1267 1456 olivae,

489 1464 576 1512 Me
613 1465 847 1513 cichorea
884 1466 1124 1529 levesque
1161 1466 1375 1514 malvae.

362 1532 481 1585 Frui
514 1533 712 1596 paratis
747 1538 800 1581 et
838 1533 1011 1581 valido
1046 1533 1187 1592 mihi,

359 1599 532 1659 Latoe,
570 1601 745 1660 dones,
784 1606 852 1660 et,
890 1616 1085 1664 precor,
1122 1601 1327 1662 integra

424 1666 558 1718 Cum
583 1673 768 1727 mente,
796 1684 888 1717 nec
914 1673 1116 1732 turpem
1141 1672 1402 1716 senectam

491 1735 691 1799 Degere
728 1751 821 1784 nec
858 1736 1056 1785 cithara
1090 1740 1360 1784 carentem.

824 1902 1069 1951 XXXII.

363 2002 638 2052 Poscimur.
716 2002 771 2052 si
799 2004 924 2067 quid
951 2004 1102 2052 vacui
1129 2004 1224 2052 sub
1250 2005 1431 2052 umbra

360 2070 603 2119 Lusimus
627 2075 811 2131 tecum,
842 2072 978 2135 quod
1003 2078 1056 2120 et
1082 2072 1215 2120 hunc
1242 2073 1292 2119 in
1321 2086 1512 2120 annum

361 2137 520 2186 Vivat
544 2143 597 2187 et
620 2139 809 2201 plures,
840 2155 952 2202 age,
981 2140 1061 2188 dic
1088 2140 1351 2201 Latinum,

561 2205 784 2266 Barbite,
827 2222 1044 2266 carmen,

357 2272 546 2321 Lesbio
570 2274 794 2337 primum
825 2275 1086 2324 modulate
1112 2275 1225 2334 civi,

360 2341 476 2402 Qui,
504 2341 644 2390 ferox
669 2342 817 2401 bello,
849 2348 1022 2390 tamen
1048 2344 1180 2391 inter
1205 2357 1364 2403 arma,

361 2406 482 2457 Sive
510 2410 758 2471 jactatam
801 2410 1043 2473 religarat
1078 2411 1179 2459 udo

562 2476 736 2525 Litore
776 2479 967 2537 navim,

359 2542 600 2591 Liberum
627 2549 679 2592 et
705 2544 888 2594 Musas
914 2546 1270 2608 Veneremque
1295 2549 1348 2593 et
1374 2544 1447 2591 illi

362 2609 571 2675 Semper
595 2612 889 2661 haerentem
916 2629 1128 2677 puerum
1156 2613 1385 2672 canebat,

361 2677 432 2727 Et
457 2679 654 2742 Lycum
685 2681 845 2743 nigris
872 2681 1032 2728 oculis
1058 2681 1306 2744 nigroque

566 2747 718 2796 Crine
756 2748 1008 2796 decorum.

367 2914 413 2950 18
432 2917 487 2961 at,
507 2925 553 2951 ao
945 2916 965 2951 1
986 2916 1188 2966 poscimus
1295 2916 1315 2951 1
1336 2917 1452 2951 antro

1637 159 1710 213 89

1655 1061 1717 1109 10

1654 1399 1716 1448 15

1655 1737 1721 1785 20

1667 2609 1727 2657 10

213 2862 236 2899 3
254 2862 411 2912 opimas
464 2865 488 2899 4
508 2864 650 2901 feracis
705 2866 726 2901 9
749 2865 938 2902 Calenam
961 2878 980 2901 e
1000 2866 1221 2902 coniectura
1275 2865 1321 2901 10
1342 2866 1386 2900 ut
1441 2864 1487 2900 15
1506 2866 1678 2914 pascant
