1878 3054
285 189 387 261 132
739 199 976 238 nolum
1019 198 1388 239 sArmAavm

349 333 633 390 Praeterea,
658 347 720 379 ne
747 332 833 389 sic,
860 335 918 378 ut
942 331 1028 394 qui
1044 324 1306 397 jocularia,
1332 331 1504 378 ridens

282 399 595 456 Percurram,
625 401 957 460 (quamquam
986 398 1233 445 ridentem
1259 398 1422 445 dicere
1449 412 1623 444 verum

284 467 416 527 Quid
444 464 619 513 vetat?
658 472 712 512 ut
735 466 904 528 pueris
930 463 1048 512 olim
1076 465 1201 511 dant
1226 465 1454 512 crustula
1477 465 1653 512 blandi
1765 469 1825 516 25

283 533 544 590 DoctoreS,
571 532 819 579 elementa
842 532 1001 578 velint
1026 537 1082 578 ut
1107 531 1298 579 discere
1322 531 1515 594 prima3

283 600 383 648 Sed
407 604 576 646 tamen
603 604 771 645 amoto
797 613 1100 660 quaeramus
1128 599 1258 645 seria
1282 598 1400 646 ludo
1419 601 1469 663 ;)

281 667 374 715 Ille
401 681 608 728 gravem
634 665 757 712 duro
783 671 967 712 terram
988 665 1080 727 qui
1108 665 1260 712 vertit
1281 672 1466 726 aratro,

284 733 511 779 Perfidus
539 731 617 779 hic
642 747 816 794 caupo,
844 732 1003 789 miles,
1034 737 1316 794 nautaeque
1342 747 1432 794 per
1458 746 1605 779 omne

282 800 521 846 Audaces
546 813 683 845 mare
709 800 795 861 qui
823 803 1041 856 currunt,
1073 798 1166 846 hac
1191 804 1357 846 mente
1384 799 1604 847 laborem
1770 802 1833 848 30

283 866 405 914 Sese
431 867 572 923 ferre,
600 880 744 912 senes
770 872 825 913 ut
850 866 900 912 in
927 865 1034 913 otia
1060 870 1173 913 tuta
1197 866 1446 925 recedant,

281 934 461 990 Aiunt,
489 947 603 979 cum
629 932 722 979 sibi
749 933 852 979 sint
877 937 1126 994 congesta
1151 932 1371 981 cibaria:
1410 934 1541 981 sicut

282 1000 507 1047 Parvula
533 1001 676 1057 (nam
702 999 928 1060 exemplo
954 1001 1059 1062 est)
1088 1000 1261 1061 magni
1286 1000 1494 1047 formica
1517 999 1707 1047 laboris

283 1066 382 1114 Ore
409 1066 565 1113 trahit
590 1066 939 1128 quodcumque
966 1071 1137 1127 potest
1163 1072 1314 1129 atque
1341 1067 1484 1114 addit
1509 1081 1703 1125 acervo,

283 1134 444 1194 Quem
472 1134 632 1190 struit,
664 1133 797 1180 haud
826 1133 1006 1194 ignara
1033 1146 1090 1180 ac
1116 1148 1216 1180 non
1243 1134 1447 1181 incauta
1472 1134 1644 1180 futuri.
1774 1134 1836 1180 35

283 1201 439 1261 Quae,
468 1194 898 1261 simuKinversum
927 1200 1200 1248 contristat
1226 1201 1487 1262 Aquarius
1513 1215 1715 1259 annum,
1747 1228 1751 1240 2
1791 1199 1797 1260 ’ἃ

281 1266 331 1314 N
337 1282 402 1314 on
427 1281 641 1328 usquam
667 1267 892 1328 prorepit
917 1272 968 1313 et
995 1267 1095 1314 illis
1122 1267 1281 1315 utitur
1308 1271 1424 1314 ante

284 1334 540 1395 Quaesitis
567 1333 798 1394 sapiens;
837 1348 950 1380 cum
978 1338 1028 1380 te
1055 1348 1213 1396 neque
1239 1334 1463 1382 fervidus
1488 1338 1660 1381 aestus

284 1400 568 1448 Demoveat
592 1400 744 1457 lucro,
768 1415 928 1462 neque
951 1400 1162 1463 hiemps,
1189 1401 1337 1462 ignis,
1360 1416 1511 1460 mare,
1540 1401 1738 1460 ferrum,

282 1467 371 1515 Nil
397 1468 564 1515 obstet
588 1467 697 1526 tibi,
726 1467 846 1514 dum
871 1482 932 1514 ne
961 1467 1028 1514 sit
1053 1472 1103 1514 te
1129 1467 1280 1515 ditior
1305 1467 1442 1516 alter.
1778 1467 1839 1512 40

351 1601 484 1662 Quid
502 1601 650 1662 juvat
676 1600 976 1647 immensum
1001 1605 1052 1649 te
1079 1601 1274 1663 argenti
1298 1601 1495 1665 pondus
1519 1605 1572 1650 et
1596 1601 1703 1650 auri

283 1667 483 1715 Furtim
509 1667 710 1715 defossa
734 1667 972 1714 timidum
999 1668 1247 1730 deponere
1272 1667 1445 1716 terra?

284 1735 479 1796 “Quod
505 1735 546 1781 si
573 1735 901 1792 comminuas,
932 1734 1082 1782 vilem
1112 1736 1372 1797 redigatur
1397 1736 1461 1783 ad
1489 1736 1705 1782 assem.'¹

283 1801 358 1849 At
378 1802 428 1848 ni
448 1801 499 1848 id
520 1801 586 1861 fit,
609 1801 730 1863 quid
752 1801 906 1848 habet
926 1801 1122 1863 pulchri
1143 1807 1463 1850 constructus
1484 1801 1727 1850 acervus?

282 1866 431 1915 Milia
456 1868 694 1915 frumenti
718 1873 808 1915 tua
832 1868 1034 1915 triverit
1060 1883 1178 1916 area
1203 1874 1432 1918 centum:
1780 1864 1840 1911 45

283 1934 399 1983 Non
426 1940 544 1982 tuus
571 1935 666 1982 hoc
690 1935 856 1996 capiet
884 1940 1062 1982 venter
1085 1936 1201 1998 plus
1228 1951 1286 1984 ac
1311 1951 1484 1984 meus:
1520 1939 1578 1983 ut
1603 1935 1648 1982 si

283 2001 573 2049 Reticulum
599 2001 743 2063 panis
769 2002 974 2048 venales
999 2002 1132 2049 inter
1156 2008 1339 2051 onusto

283 2068 437 2115 Forte
465 2068 621 2115 vehas
648 2068 869 2125 humero,
898 2068 1058 2116 nihilo
1082 2069 1196 2132 plus
1222 2069 1437 2131 accipias
1462 2084 1614 2132 quam

286 2135 383 2196 Qui
412 2135 480 2181 nil
506 2135 734 2197 portarit.
808 2135 906 2182 Vel
933 2135 1025 2193 dic,
1054 2136 1176 2198 quid
1200 2137 1382 2184 referat
1406 2136 1541 2184 intra
1851 2174 1878 2183 -

283 2201 511 2249 Naturae
538 2201 659 2248 fines
685 2202 891 2259 viventi,
911 2203 1094 2264 Jugera
1119 2209 1320 2250 centum
1346 2217 1410 2250 an
1780 2197 1843 2244 50

283 2268 426 2316 Mille
448 2267 592 2315 aret?
644 2273 671 2292 “
690 2269 764 2315 At
784 2283 941 2316 suave
962 2275 1041 2316 est
1061 2284 1122 2316 ex
1141 2285 1328 2331 magno
1347 2269 1523 2316 tollere
1543 2268 1773 2316 acerv0.''

285 2334 423 2382 Dum
447 2350 509 2381 ex
532 2349 690 2396 parvo
717 2335 861 2381 nobis
887 2336 1187 2382 tantundem
1214 2336 1413 2384 haurire
1437 2336 1707 2397 relinquas,

286 2401 390 2449 Cur
413 2406 502 2448 tua
525 2402 639 2463 plus
665 2401 840 2448 laudes
866 2403 1081 2448 cumeris
1107 2403 1346 2464 granaria
1369 2400 1595 2449 nostris?

286 2468 360 2515 Ut
384 2468 477 2515 tibi
503 2468 545 2514 si
571 2468 639 2514 sit
665 2482 792 2529 opus
817 2468 997 2530 liquidi
1022 2484 1122 2516 non
1150 2470 1368 2532 amplius
1393 2484 1534 2527 urna,

284 2535 383 2581 Vel
413 2534 614 2596 cyatho,
641 2539 693 2580 et
718 2535 870 2592 dicas,
901 2535 1141 2597 “Magno
1168 2537 1229 2583 de
1255 2536 1459 2582 flumine
1484 2534 1658 2583 malim
1784 2528 1843 2576 55

287 2602 453 2661 Quam
479 2616 541 2647 ex
566 2600 660 2647 hoc
687 2601 930 2648 fonticulo
956 2603 1255 2650 tantundem
1282 2604 1525 2650 sumere.''
1593 2601 1672 2649 Eo
1697 2599 1766 2659 fit,

287 2668 493 2714 Plenior
519 2672 575 2714 ut
602 2667 644 2713 si
671 2681 796 2728 quos
821 2668 1036 2714 delectet
1060 2670 1202 2731 copia
1219 2671 1373 2730 Justo,

289 2733 419 2781 Cum
443 2733 552 2795 ripa
576 2733 728 2780 simul
753 2734 955 2781 avolsos
982 2735 1109 2781 ferat
1135 2735 1359 2783 Aufidus
1385 2749 1532 2797 acer;

354 2855 402 2890 29
422 2866 562 2904 campo
616 2855 662 2889 38
682 2854 841 2903 patiens
894 2855 940 2890 39
961 2855 1163 2892 dimoveat
1214 2857 1262 2893 39
1281 2856 1409 2893 hiems
1461 2857 1510 2892 46
1528 2866 1649 2905 quam
1668 2862 1780 2891 meus

622 2906 668 2940 55
689 2905 848 2940 mallem
951 2906 996 2942 57
1018 2906 1189 2942 delectat
1291 2908 1338 2942 58
1358 2907 1519 2943 avulsos
