1878 3054
778 142 900 183 ΜΒ.
941 143 980 182 1.
1025 131 1091 182 10
1613 128 1718 184 157

145 277 375 342 Vergilio
401 280 689 326 annuerunt
712 276 998 339 gaudentes
1022 291 1138 324 rure
1167 276 1437 325 Camenae.
1645 280 1708 326 45

146 344 261 396 Hoc
283 351 408 403 erat,
434 352 647 407 experto
671 343 859 392 frustra
884 344 1116 392 Varrone
1143 344 1368 392 Atacino

147 415 318 477 Atque
343 412 650 476 quibusdam
677 411 805 470 aliis,
833 411 1018 459 melius
1045 411 1180 474 quod
1208 412 1425 458 scribere
1450 426 1670 474 possem,

146 481 418 530 Inventore
444 479 638 540 minor;
676 494 838 542 neque
863 494 960 541 ego
984 479 1056 525 illi
1083 479 1350 526 detrahere
1378 478 1538 526 ausim

148 547 461 599 Haerentem
486 547 642 610 capiti
669 562 783 594 cum
809 546 971 594 multa
994 546 1143 593 laude
1170 561 1421 595 coronam.

212 682 288 731 At
311 682 417 731 dixi
442 681 593 730 fluere
620 681 754 730 hunc
778 682 1102 739 lutulentum,
1129 696 1280 746 saepe
1306 682 1551 729 ferentem
1645 686 1709 732 50

147 749 304 800 Plura
327 750 532 813 quidem
557 750 787 798 tollenda
811 749 1172 813 relinquendis.
1248 750 1379 812 Age,
1408 764 1615 812 quaeso,

147 817 227 866 Tu
250 817 376 866 nihil
399 817 452 865 in
476 832 666 880 magno
692 818 874 865 doctus
898 817 1230 881 reprehendis
1256 815 1525 865 Homero?

147 884 234 934 Nil
257 885 415 934 comis
438 885 620 948 tragici
648 890 816 933 mutat
842 885 1074 933 Lucilius
1101 883 1265 933 Acci?

145 951 262 1004 Non
286 952 419 1000 ridet
442 967 623 1000 versus
650 952 787 1000 Enni
814 953 1071 1015 gravitate
1098 953 1334 1011 minores,

147 1018 274 1069 Cum
299 1021 361 1068 de
386 1035 440 1068 se
466 1020 692 1083 loquitur
716 1035 819 1067 non
845 1025 903 1068 ut
927 1022 1116 1082 maiore
1142 1018 1432 1084 reprensis?
1646 1024 1708 1071 55

147 1087 282 1149 Quid
307 1093 450 1135 vetat
473 1093 527 1135 et
551 1093 751 1135 nosmet
777 1087 941 1135 Lucili
969 1088 1160 1151 scripta
1183 1088 1413 1151 legentes

146 1154 412 1216 Quaerere,
442 1169 563 1203 num
589 1155 738 1214 illius,
767 1170 890 1202 num
916 1170 1082 1203 rerum
1111 1156 1239 1203 dura
1263 1155 1467 1218 negarit

144 1221 438 1270 Versiculos
460 1228 643 1270 natura
668 1224 836 1285 magis
863 1224 1025 1271 factos
1050 1229 1102 1270 et
1126 1229 1307 1270 euntes

142 1288 365 1351 Mollius,
394 1305 452 1338 ac
477 1290 522 1338 si
546 1290 676 1352 quis,
704 1291 924 1353 pedibus
950 1291 1071 1354 quid
1096 1291 1330 1338 claudere
1355 1290 1507 1350 senis,

142 1355 258 1406 Hoc
279 1369 482 1406 tantum
506 1364 791 1417 contentus,
819 1364 957 1406 amet
983 1359 1248 1421 scripsisse
1276 1359 1525 1406 ducentos
1646 1363 1707 1409 60

141 1424 279 1474 Ante
304 1424 472 1472 cibum
498 1440 693 1482 versus,
722 1426 937 1473 totidem
963 1431 1206 1488 cenatus3
1245 1426 1451 1473 Etrusci

75 1552 81 1557 κ
141 1492 301 1555 Quale
326 1492 423 1540 fuit
449 1492 598 1542 Cassi
623 1493 804 1555 rapido
832 1494 1111 1542 ferventius
1137 1494 1273 1541 amni

139 1558 426 1623 Ingenium,
452 1561 620 1624 capsis
646 1576 795 1623 quem
823 1562 960 1609 fama
983 1567 1062 1609 est
1087 1576 1199 1609 esse
1225 1561 1466 1624 librisque

137 1626 447 1675 Ambustum
474 1628 706 1691 propriis,
784 1628 964 1678 Fuerit
989 1629 1232 1688 Lucilius,
1260 1629 1490 1692 inquam,

140 1692 314 1743 Comis
338 1700 390 1743 et
414 1695 654 1753 urbanuS,
684 1696 840 1744 fuerit
866 1697 1090 1744 limatior
1115 1697 1251 1744 idem
1645 1699 1705 1746 65

138 1760 303 1823 Quam
326 1763 468 1811 rudis
493 1769 547 1811 et
572 1763 782 1812 Graecis
812 1764 992 1812 intacti
1016 1764 1257 1812 carminis
1283 1769 1474 1822 auctor,

138 1828 400 1893 Quamque
424 1834 687 1894 poetarum
715 1832 969 1878 seniorum
997 1832 1180 1889 turba;
1219 1832 1307 1879 sed
1334 1832 1433 1890 ille,

138 1894 195 1945 Si
218 1896 348 1945 foret
372 1897 467 1946 hoc
492 1903 724 1945 nostrum
752 1899 858 1946 fato
886 1899 1078 1947 dilatus
1103 1899 1156 1946 in
1182 1914 1380 1958 aevum,

136 1962 399 2013 Detereret
423 1965 521 2013 sibi
547 1965 725 2025 multa,
753 1966 1003 2014 recideret
1028 1982 1176 2014 omne
1203 1967 1338 2030 quod
1363 1966 1499 2014 ultra

137 2029 422 2080 Perfectum
447 2032 749 2092 traheretur,
778 2038 830 2081 et
856 2034 909 2081 in
936 2049 1086 2082 versu
1113 2034 1344 2082 faciendo
1645 2034 1707 2085 70

138 2095 300 2162 Saepe
324 2106 478 2164 caput
502 2100 747 2159 scaberet,
778 2101 927 2150 vivos
953 2106 1006 2150 et
1029 2102 1232 2152 roderet
1256 2116 1469 2165 ungues,

203 2231 363 2297 Saepe
390 2235 563 2284 stilum
592 2241 778 2295 vertaS,
808 2236 991 2284 iterum
1019 2253 1147 2300 quae
1174 2238 1333 2299 digna
1358 2235 1459 2298 legi
1488 2236 1591 2283 sint

135 2298 437 2365 Scripturas,
465 2318 626 2366 neque
654 2308 703 2351 te
731 2311 788 2352 ut
815 2305 1027 2352 miretur
1051 2306 1199 2353 turba
1225 2305 1437 2361 labores,

135 2365 419 2417 Contentus
443 2371 621 2432 paucis
648 2371 938 2420 lectoribus.
1016 2373 1101 2421 An
1127 2379 1218 2420 tua
1244 2373 1453 2420 demens

133 2431 338 2483 Vilibus
363 2437 414 2484 in
441 2437 575 2486 ludis
602 2439 784 2486 dictari
813 2440 1037 2487 carmina
1062 2439 1249 2487 malis?
1647 2438 1708 2488 75

131 2498 247 2550 Non
263 2518 385 2566 ego;
406 2520 521 2552 nam
539 2508 666 2553 sacis
682 2512 754 2554 esc
771 2508 986 2569 equitem
1007 2508 1137 2554 mihi
1148 2507 1420 2570 plaudere,
1440 2509 1497 2552 ut
1515 2505 1699 2563 audax,

133 2565 452 2633 Contemptis
479 2572 606 2631 aliis,
635 2573 846 2636 explosa
873 2574 1164 2621 Arbuscula
1190 2574 1329 2622 dixit.

129 2632 268 2684 Meu’
292 2645 496 2687 moveat
521 2640 686 2688 cimex
712 2641 983 2699 Pantilius,
1013 2646 1101 2689 aut
1126 2641 1314 2689 cruciet
1339 2639 1475 2702 quod

143 2774 442 2822 ssmnuerant,
455 2779 672 2815 annuerint
725 2780 771 2816 50
793 2780 896 2816 dixti
919 2780 968 2816 R.
986 2781 1086 2816 coni.
1142 2780 1185 2815 51
1205 2790 1352 2828 quaero
1408 2778 1454 2813 52
1471 2777 1679 2827 reprendit

337 2827 384 2864 ⁶8
404 2828 598 2879 dilapsus,
619 2830 821 2879 delapsus,
842 2831 998 2866 delatus
1104 2830 1147 2867 71
1170 2833 1293 2879 eaput
1312 2829 1465 2865 foderet

606 2881 652 2918 78
671 2881 824 2917 crucier
842 2880 1008 2917 editores
1028 2880 1206 2916 nonnulli
