1846 3034
790 143 912 183 ΜΒ.
952 144 1019 183 11.
1061 130 1090 182 1
1633 131 1740 187 227

164 283 194 306 ‘⁸
212 279 361 328 Lana
384 278 662 328 Tarentino
687 278 851 326 violas
876 278 1081 326 imitata
1107 280 1354 327 venen0.''

161 347 243 397 Ac
268 363 330 396 ne
354 347 485 396 forte
510 351 661 410 putes
686 361 781 405 me,
810 362 940 410 quae
964 347 1129 394 facere
1157 347 1264 409 ipse
1290 362 1535 407 recusem,

164 415 296 464 Cum
319 420 454 463 recte
478 418 700 462 tractent
725 414 826 472 alii,
853 414 1061 461 laudare
1087 414 1340 476 maligne:

160 482 256 532 Ille
279 498 370 546 per
394 487 657 530 extentum
683 482 856 529 funem
881 481 1009 529 mihi
1034 497 1184 545 posse
1211 483 1417 530 videtur
1638 485 1736 532 210

160 550 243 599 Ire
267 556 432 614 poeta,
459 565 630 597 meum
657 550 744 612 qui
768 555 948 613 pectus
973 549 1193 596 inaniter
1219 551 1379 613 angit,

160 617 355 676 Irritat,
382 618 586 676 mulcet,
613 617 758 664 salsis
782 617 1059 665 terroribus
1084 617 1279 679 implet,

161 684 237 734 Ut
258 701 458 749 magus,
485 689 539 733 et
562 685 714 733 modo
738 700 819 733 mo
846 684 1052 744 Thebis,
1079 685 1232 733 modo
1254 685 1400 748 ponit
1425 684 1664 735 Athenis,

225 820 419 869 Verum
446 836 555 884 age,
583 826 635 870 et
658 820 755 880 his,
783 820 868 884 qui
895 836 948 869 se
973 821 1151 869 lectori
1176 821 1376 869 credere
1402 820 1600 869 malunt

161 888 326 950 Quam
351 889 655 951 spectatoris
678 889 888 937 fastidia
912 889 1040 936 ferre
1068 889 1287 951 superbi,
1637 889 1735 937 215

162 955 351 1005 Curam
376 956 529 1005 redde
555 955 775 1015 brevem,
803 956 848 1003 si
874 972 1062 1004 munus
1088 956 1329 1018 Apolline
1356 956 1575 1019 dignum

160 1023 260 1071 Vis
279 1024 534 1086 complere
558 1023 703 1071 libris
729 1028 782 1072 et
806 1024 1014 1071 vatibus
1042 1024 1226 1072 addere
1253 1023 1429 1083 calcar,

161 1091 236 1139 Ut
261 1091 431 1139 studio
456 1093 645 1154 majore
669 1095 848 1155 petant
875 1091 1126 1139 Helicona
1151 1091 1414 1140 virentem.

159 1158 331 1207 Multa
355 1158 559 1222 quidem
588 1159 736 1207 nobis
761 1159 975 1206 facimus
1000 1159 1136 1206 mala
1162 1173 1313 1222 saepe
1338 1161 1530 1222 poetae,

162 1226 264 1288 (Ut
290 1226 463 1274 vineta
486 1232 691 1289 egomet
716 1227 926 1274 caedam
951 1228 1105 1287 mea‚)
1134 1242 1249 1273 eum
1276 1227 1371 1274 tibi
1396 1227 1582 1274 librum
1636 1229 1734 1274 220

162 1293 391 1342 Sollicito
415 1295 598 1342 damus
625 1299 714 1342 aut
739 1295 906 1355 fesso3
944 1310 1057 1342 cum
1085 1293 1349 1353 laedimur,
1377 1309 1537 1341 unum

161 1360 218 1410 Si
242 1362 356 1424 quis
381 1362 657 1410 amicorum
684 1369 764 1409 est
790 1377 946 1409 ausus
970 1362 1335 1425 reprehendere
1361 1376 1598 1423 versum;

162 1428 295 1477 Cum
319 1429 431 1478 loca
445 1431 552 1492 Jam
577 1430 792 1478 recitata
816 1430 1127 1478 revolvimus
1152 1428 1453 1491 irrevocati5

163 1495 295 1546 Cum
322 1497 664 1545 lamentamur
688 1513 787 1546 non
815 1513 1058 1560 apparere
1083 1498 1285 1546 labores

162 1563 383 1613 Nostros
406 1570 459 1613 et
482 1565 625 1612 tenui
651 1565 870 1613 deducta
895 1569 1127 1628 poemata
1155 1565 1236 1613 filo
1257 1582 1270 1627 ;
1638 1564 1735 1612 225

166 1630 296 1680 Cum
322 1647 588 1695 speramus
612 1648 671 1681 eo
698 1648 804 1680 rem
832 1639 1115 1691 venturam,
1144 1639 1212 1690 ut,
1241 1631 1391 1679 simul
1419 1636 1572 1695 atque

165 1698 407 1748 Carmina
432 1700 660 1748 rescieris
686 1715 780 1748 nos
806 1700 1007 1762 fingere,
1035 1700 1329 1748 commodus
1356 1700 1490 1747 ultro

165 1767 431 1825 Arcessas,
458 1773 510 1815 et
534 1782 684 1830 egere
713 1773 869 1826 veteS,
895 1773 947 1815 et
973 1768 1189 1815 scribere
1215 1782 1383 1829 cogas,

165 1833 265 1882 Sed
292 1840 462 1882 tamen
488 1841 568 1883 est
593 1850 775 1897 operae
801 1835 1022 1898 pretium
1047 1849 1367 1897 cognoscere,
1394 1832 1574 1897 quales

165 1902 420 1951 Aedituos
447 1901 634 1949 habeat
660 1902 778 1950 belli
805 1907 1039 1965 spectata
1063 1902 1299 1965 domique
1640 1902 1739 1950 230

164 1968 361 2029 Virtus,
390 1970 601 2032 indigno
627 1985 728 2018 non
754 1970 1120 2018 committenda
1144 1972 1333 2032 poetae.

166 2035 358 2085 Gratus
384 2037 678 2085 Alexandro
706 2038 814 2100 regi
841 2037 1035 2099 Magno
1059 2038 1154 2085 fuit
1181 2037 1263 2085 ille

168 2102 450 2163 Choerilus,
478 2105 685 2153 incultis
712 2105 796 2169 qui
826 2105 1058 2153 versibus
1083 2110 1135 2154 et
1160 2105 1291 2152 male
1318 2105 1455 2170 natis

166 2171 392 2220 Rettulit
417 2177 663 2236 acceptos,
692 2173 864 2235 regale
891 2173 1154 2230 nomisma,
1184 2172 1466 2235 Philippos,

168 2237 268 2287 Sed
294 2239 451 2287 veluti
477 2245 699 2288 tractata
724 2247 900 2288 notam
926 2241 1190 2303 labemque
1216 2240 1489 2287 remittunt
1642 2238 1738 2285 235

169 2305 493 2366 Atramenta‚
523 2308 622 2355 sere
650 2308 925 2372 scriptores
951 2307 1169 2355 carmine
1196 2307 1342 2354 foedo

169 2373 448 2437 Splendida
475 2375 610 2423 sacta
636 2375 817 2424 linunt.
893 2375 1038 2423 Idem
1064 2390 1151 2422 rex
1176 2374 1274 2433 ille,
1304 2375 1482 2437 poema

169 2440 267 2501 Qui
293 2447 398 2489 tam
426 2442 692 2491 ridiculum
718 2448 824 2491 tam
850 2458 964 2491 care
989 2442 1232 2506 prodigus
1258 2441 1395 2499 emit,

170 2507 355 2556 Edicto
383 2510 547 2557 vetuit
574 2525 634 2556 ne
661 2510 774 2573 quis
802 2526 855 2558 se
880 2516 1081 2574 praeter
1108 2509 1323 2572 Apellen

172 2574 430 2638 Pingeret‚
459 2582 549 2624 aut
576 2577 706 2624 alius
733 2577 967 2641 Lysippo
995 2578 1200 2625 duceret
1225 2591 1343 2623 aera
1647 2573 1739 2619 240

169 2641 339 2690 Fortis
366 2644 649 2692 Alexandri
675 2644 870 2692 voltum
898 2645 1208 2692 simulantia.
1283 2641 1432 2704 Quod
1457 2640 1500 2687 si

169 2709 427 2758 ,Iudicium
456 2711 642 2759 subtile
667 2711 902 2759 videndis
931 2712 1126 2759 artibus
1155 2711 1279 2758 illud

172 2777 259 2826 Ad
283 2777 439 2825 libros
462 2784 512 2826 et
542 2778 606 2827 ad
631 2778 758 2827 haec
783 2779 1050 2827 Musarum
1076 2779 1211 2826 dona
1238 2791 1459 2835 vocares,

241 2891 315 2928 216
335 2903 471 2929 curam
493 2892 681 2943 impendo
734 2893 807 2929 228
828 2904 1007 2930 accersas
1062 2893 1136 2930 234
1156 2892 1357 2928 numisma
1409 2890 1482 2926 239
1496 2887 1679 2938 Apellam
