1878 3054
605 116 608 118 >
673 167 836 206 ‘LIB.
878 167 946 207 11.
984 156 1095 208 4-6
1615 159 1686 212 49

314 300 541 363 Campos
568 301 835 363 juvencae,
863 317 998 350 nunc
1025 302 1193 350 fluviis
1219 318 1435 366 gravem

384 367 614 416 Solantis
639 374 855 428 aestum,
884 384 1019 417 nunc
1044 371 1098 417 in
1123 370 1224 418 udo

454 434 655 484 Ludere
680 451 795 484 cum
821 436 998 484 vitulis
1025 438 1206 486 salicto

315 502 735 565 Praegestientis
811 503 954 552 Tolle
981 506 1274 569 cupidinem

313 570 538 619 Immitis
563 585 722 619 uvae:
751 572 861 634 jam
886 572 980 619 tibi
1006 573 1192 622 lividos
1624 574 1683 622 10

382 637 686 701 Distinguet
711 639 1015 687 Autumnus
1039 656 1283 702 racemos,

449 705 713 769 Purpureo
752 707 928 755 varius
965 708 1144 757 colore.

309 772 348 821 J
351 787 434 821 am
459 777 511 821 te
538 779 811 837 sequetur:
853 776 1012 824 currit
1035 777 1171 824 enim
1197 777 1340 825 ferox

311 840 494 900 AetaS,
519 845 573 888 et
598 841 686 900 illi,
713 857 844 905 quos
872 843 968 890 tibi
994 844 1288 907 dempserit,

379 908 621 972 Apponet
646 925 840 958 annos:
871 912 979 972 jam
1005 917 1247 974 proterva
1620 911 1680 959 15

447 975 638 1024 Fronte
664 983 806 1040 petet
838 978 1032 1041 Lalage
1059 980 1317 1038 maritum,

310 1042 512 1091 Dilecta
534 1051 785 1107 quantum
815 1061 917 1093 non
948 1046 1140 1094 Pholoe
1165 1048 1337 1110 fugax,

311 1110 432 1159 Non
461 1110 677 1172 Chloris,
706 1112 824 1160 albo
853 1114 925 1161 sic
953 1113 1164 1163 humero
1190 1115 1374 1173 nitenS,

380 1178 457 1227 Ut
489 1193 618 1242 pura
652 1186 905 1228 nocturno
942 1182 1140 1230 renidet

443 1243 598 1295 Luna
632 1248 763 1295 mari
805 1248 1087 1297 Cnidiusve
1126 1249 1332 1313 Gyges:
1619 1249 1682 1296 20

311 1314 477 1375 Quem
501 1314 546 1362 si
570 1315 856 1377 puellarum
882 1316 1132 1365 insereres
1157 1318 1328 1378 chor0,

309 1380 443 1429 Mire
479 1396 693 1445 sagaces
733 1382 931 1431 falleret
967 1384 1197 1448 hospites

372 1448 662 1497 Discrimen
700 1451 974 1499 obscurum
1010 1452 1194 1500 solutis

446 1515 688 1566 Crinibus
726 1518 1069 1582 ambiguoque
1107 1520 1266 1568 voltu.

850 1745 943 1794 VI.

309 1870 541 1936 Septimi,
570 1872 742 1922 Gades
769 1874 968 1922 aditure
996 1890 1196 1923 mecum
1221 1880 1274 1924 et

308 1938 624 1988 Cantabrum
652 1940 916 1989 indoctum
946 1943 1076 2004 juga
1101 1943 1227 1991 ferre
1253 1947 1444 2002 nostra,
1470 1948 1523 1992 et

307 2005 566 2055 Barbaras
596 2006 791 2070 SyrteS,
822 2009 910 2056 ubi
937 2009 1126 2058 Maura
1151 2025 1351 2074 semper

576 2075 802 2123 Aestuat
837 2076 990 2136 unda,

305 2139 467 2189 Tibur
502 2141 676 2204 Argeo
713 2143 939 2206 positum
975 2145 1154 2194 colono
1654 2144 1684 2191 5

306 2207 388 2257 Sit
422 2223 564 2256 meae
601 2210 749 2258 sedes
787 2211 983 2259 utinam
1021 2218 1271 2272 senectae,

311 2274 394 2325 Sit
428 2276 608 2324 modus
644 2277 782 2326 lasso
822 2280 978 2327 maris
1013 2285 1065 2327 et
1101 2281 1299 2328 viarum

576 2343 928 2409 Militiaequel

306 2410 457 2459 Unde
483 2412 526 2459 si
558 2412 748 2461 Parcae
778 2414 1053 2477 prohibent
1079 2415 1300 2478 iniquae,

307 2478 469 2526 Dulce
505 2480 695 2542 pellitis
737 2482 923 2529 ovibus
961 2483 1166 2531 Galaesi
1626 2480 1684 2526 10

307 2544 522 2594 Flumen
548 2553 600 2595 et
624 2555 843 2611 regnata
868 2554 1040 2612 petam
1070 2550 1262 2598 Laconi

576 2616 723 2663 Rura
760 2616 1064 2666 Phalantho.

306 2679 400 2728 Ille
426 2685 675 2730 terrarum
704 2684 828 2731 mihi
855 2689 1060 2747 practer
1087 2699 1264 2732 omnes

304 2747 549 2811 Angulus
574 2750 722 2810 ridet,
751 2750 835 2798 ubi
862 2766 963 2798 non
993 2752 1250 2815 Hymetto

258 2887 304 2924 12
323 2887 449 2933 vario,
469 2888 602 2925 varios
683 2890 728 2926 13
747 2893 880 2927 curret
952 2891 998 2927 16
1016 2892 1121 2941 petit
1192 2891 1240 2928 20
1262 2891 1517 2940 Gnidiusquo

327 2953 432 2995 flor.
456 2955 481 2994 4
