<?xml version="1.0" encoding="UTF-8"?>
<!DOCTYPE html PUBLIC "-//W3C//DTD XHTML 1.0 Transitional//EN"
    "http://www.w3.org/TR/xhtml1/DTD/xhtml1-transitional.dtd">
<html xmlns="http://www.w3.org/1999/xhtml" xml:lang="en" lang="en">
 <head>
  <title>
</title>
<meta http-equiv="Content-Type" content="text/html;charset=utf-8" />
  <meta name='ocr-system' content='tesseract 3.04.00' />
  <meta name='ocr-capabilities' content='ocr_page ocr_carea ocr_par ocr_line ocrx_word'/>
</head>
<body>
  <div class='ocr_page' id='page_1' title='image "./workschase00horauoft_0057.png"; bbox 0 0 1878 3054; ppageno 0'>
   <div class='ocr_carea' id='block_1_1' title="bbox 668 152 1686 217">
    <p class='ocr_par' dir='ltr' id='par_1_1' title="bbox 668 152 1686 217">
     <span class='ocr_line' id='line_1_1' title="bbox 668 152 1686 217; baseline -0.003 -13"><span class='ocrx_word' id='word_1_1' title='bbox 668 165 792 205; x_wconf 83' lang='lat' dir='ltr'><strong>LIB.</strong></span> <span class='ocrx_word' id='word_1_2' title='bbox 833 166 902 205; x_wconf 85' lang='lat'><strong>11.</strong></span> <span class='ocrx_word' id='word_1_3' title='bbox 945 153 1027 217; x_wconf 89' lang='lat'><strong>10,</strong></span> <span class='ocrx_word' id='word_1_4' title='bbox 1059 152 1125 205; x_wconf 91' lang='lat'><strong>11</strong></span> <span class='ocrx_word' id='word_1_5' title='bbox 1619 153 1686 202; x_wconf 83' lang='lat'><strong>53</strong></span> 
     </span>
    </p>
   </div>
   <div class='ocr_carea' id='block_1_2' title="bbox 315 298 1301 428">
    <p class='ocr_par' dir='ltr' id='par_1_2' title="bbox 315 298 1301 428">
     <span class='ocr_line' id='line_1_2' title="bbox 318 298 1213 362; baseline -0.001 -15"><span class='ocrx_word' id='word_1_6' title='bbox 318 298 503 362; x_wconf 78' lang='lat' dir='ltr'><strong>Sperat</strong></span> <span class='ocrx_word' id='word_1_7' title='bbox 524 298 742 356; x_wconf 76' lang='lat' dir='ltr'><strong>infestiS‚</strong></span> <span class='ocrx_word' id='word_1_8' title='bbox 769 298 954 346; x_wconf 88' lang='lat' dir='ltr'><strong>metuit</strong></span> <span class='ocrx_word' id='word_1_9' title='bbox 978 298 1213 347; x_wconf 87' lang='lat' dir='ltr'><strong>secundis</strong></span> 
     </span>
     <span class='ocr_line' id='line_1_3' title="bbox 315 366 1301 428; baseline -0.001 -14"><span class='ocrx_word' id='word_1_10' title='bbox 315 366 550 414; x_wconf 79' lang='lat' dir='ltr'><strong>Alteram</strong></span> <span class='ocrx_word' id='word_1_11' title='bbox 575 371 764 414; x_wconf 86' lang='lat' dir='ltr'><strong>sortem</strong></span> <span class='ocrx_word' id='word_1_12' title='bbox 791 366 916 413; x_wconf 88' lang='lat' dir='ltr'><strong>bene</strong></span> <span class='ocrx_word' id='word_1_13' title='bbox 940 371 1301 428; x_wconf 85' lang='lat' dir='ltr'><strong>praeparatum</strong></span> 
     </span>
    </p>
   </div>
   <div class='ocr_carea' id='block_1_3' title="bbox 317 432 1772 491">
    <p class='ocr_par' dir='ltr' id='par_1_3' title="bbox 317 432 1772 491">
     <span class='ocr_line' id='line_1_4' title="bbox 317 432 1772 491; baseline 0.001 -9"><span class='ocrx_word' id='word_1_14' title='bbox 317 433 521 482; x_wconf 75' lang='lat' dir='ltr'><strong>Pectus,</strong></span> <span class='ocrx_word' id='word_1_15' title='bbox 593 433 845 480; x_wconf 87' lang='lat' dir='ltr'><strong>Informes</strong></span> <span class='ocrx_word' id='word_1_16' title='bbox 871 432 1062 481; x_wconf 84' lang='lat' dir='ltr'><strong>hiemes</strong></span> <span class='ocrx_word' id='word_1_17' title='bbox 1088 433 1284 481; x_wconf 88' lang='lat' dir='ltr'><strong>reducit</strong></span> <span class='ocrx_word' id='word_1_18' title='bbox 1623 443 1681 491; x_wconf 86' lang='lat'><strong>15</strong></span> <span class='ocrx_word' id='word_1_19' title='bbox 1769 444 1772 448; x_wconf 89' lang='grc'><strong><em>’</em></strong></span> 
     </span>
    </p>
   </div>
   <div class='ocr_carea' id='block_1_4' title="bbox 315 500 1684 1102">
    <p class='ocr_par' dir='ltr' id='par_1_4' title="bbox 315 500 1684 1102">
     <span class='ocr_line' id='line_1_5' title="bbox 584 500 1009 563; baseline -0.005 -14"><span class='ocrx_word' id='word_1_20' title='bbox 584 501 837 563; x_wconf 87' lang='lat' dir='ltr'><strong>Juppiter,</strong></span> <span class='ocrx_word' id='word_1_21' title='bbox 876 500 1009 548; x_wconf 90' lang='lat' dir='ltr'><strong>idem</strong></span> 
     </span>
     <span class='ocr_line' id='line_1_6' title="bbox 317 567 1464 627; baseline -0.001 -10"><span class='ocrx_word' id='word_1_22' title='bbox 317 567 632 617; x_wconf 86' lang='lat' dir='ltr'><strong>Summovet.</strong></span> <span class='ocrx_word' id='word_1_23' title='bbox 705 567 754 614; x_wconf 92' lang='lat' dir='ltr'>N</span> <span class='ocrx_word' id='word_1_24' title='bbox 759 583 838 626; x_wconf 91' lang='lat' dir='ltr'><strong>on,</strong></span> <span class='ocrx_word' id='word_1_25' title='bbox 866 568 909 614; x_wconf 89' lang='lat' dir='ltr'><strong>si</strong></span> <span class='ocrx_word' id='word_1_26' title='bbox 935 567 1064 615; x_wconf 90' lang='lat' dir='ltr'><strong>male</strong></span> <span class='ocrx_word' id='word_1_27' title='bbox 1092 583 1239 627; x_wconf 90' lang='lat' dir='ltr'><strong>nunc,</strong></span> <span class='ocrx_word' id='word_1_28' title='bbox 1266 572 1318 615; x_wconf 91' lang='lat' dir='ltr'><strong>et</strong></span> <span class='ocrx_word' id='word_1_29' title='bbox 1344 568 1464 617; x_wconf 89' lang='lat' dir='ltr'><strong>olim</strong></span> 
     </span>
     <span class='ocr_line' id='line_1_7' title="bbox 317 634 1351 698; baseline -0.003 -13"><span class='ocrx_word' id='word_1_30' title='bbox 317 635 404 685; x_wconf 84' lang='lat' dir='ltr'><strong>Sic</strong></span> <span class='ocrx_word' id='word_1_31' title='bbox 428 635 554 684; x_wconf 90' lang='lat' dir='ltr'><strong>erit:</strong></span> <span class='ocrx_word' id='word_1_32' title='bbox 592 634 849 698; x_wconf 90' lang='lat' dir='ltr'><strong>quondam</strong></span> <span class='ocrx_word' id='word_1_33' title='bbox 875 635 1073 682; x_wconf 88' lang='lat' dir='ltr'><strong>cithara</strong></span> <span class='ocrx_word' id='word_1_34' title='bbox 1096 641 1351 683; x_wconf 78' lang='lat' dir='ltr'><strong>tacentem</strong></span> 
     </span>
     <span class='ocr_line' id='line_1_8' title="bbox 318 702 1408 765; baseline -0.002 -13"><span class='ocrx_word' id='word_1_35' title='bbox 318 702 549 752; x_wconf 85' lang='lat' dir='ltr'><strong>Suscitat</strong></span> <span class='ocrx_word' id='word_1_36' title='bbox 572 702 796 760; x_wconf 84' lang='lat' dir='ltr'><strong>Musam,</strong></span> <span class='ocrx_word' id='word_1_37' title='bbox 824 717 986 765; x_wconf 90' lang='lat' dir='ltr'><strong>neque</strong></span> <span class='ocrx_word' id='word_1_38' title='bbox 1014 717 1213 765; x_wconf 81' lang='lat' dir='ltr'><strong>semper</strong></span> <span class='ocrx_word' id='word_1_39' title='bbox 1237 717 1408 750; x_wconf 89' lang='lat' dir='ltr'><strong>arcum</strong></span> 
     </span>
     <span class='ocr_line' id='line_1_9' title="bbox 588 769 1684 832; baseline -0.001 -15"><span class='ocrx_word' id='word_1_40' title='bbox 588 769 777 818; x_wconf 85' lang='lat' dir='ltr'><strong>Tendit</strong></span> <span class='ocrx_word' id='word_1_41' title='bbox 812 769 1016 832; x_wconf 87' lang='lat' dir='ltr'>Apollo.</span> <span class='ocrx_word' id='word_1_42' title='bbox 1621 779 1684 826; x_wconf 83' lang='lat'><strong>20</strong></span> 
     </span>
     <span class='ocr_line' id='line_1_10' title="bbox 315 837 1220 900; baseline -0.002 -14"><span class='ocrx_word' id='word_1_43' title='bbox 315 837 495 887; x_wconf 85' lang='lat' dir='ltr'><strong>Rebus</strong></span> <span class='ocrx_word' id='word_1_44' title='bbox 520 837 755 900; x_wconf 85' lang='lat' dir='ltr'><strong>angustis</strong></span> <span class='ocrx_word' id='word_1_45' title='bbox 781 837 1044 884; x_wconf 88' lang='lat' dir='ltr'><strong>animosus</strong></span> <span class='ocrx_word' id='word_1_46' title='bbox 1070 841 1220 900; x_wconf 89' lang='lat' dir='ltr'><strong>atque</strong></span> 
     </span>
     <span class='ocr_line' id='line_1_11' title="bbox 317 903 1187 968; baseline -0.002 -15"><span class='ocrx_word' id='word_1_47' title='bbox 317 903 493 953; x_wconf 84' lang='lat' dir='ltr'><strong>Fortis</strong></span> <span class='ocrx_word' id='word_1_48' title='bbox 519 919 734 968; x_wconf 82' lang='lat' dir='ltr'><strong>appare3</strong></span> <span class='ocrx_word' id='word_1_49' title='bbox 772 904 1030 967; x_wconf 78' lang='lat' dir='ltr'><strong>sapienter</strong></span> <span class='ocrx_word' id='word_1_50' title='bbox 1052 905 1187 952; x_wconf 90' lang='lat' dir='ltr'><strong>idem</strong></span> 
     </span>
     <span class='ocr_line' id='line_1_12' title="bbox 317 971 1271 1024; baseline -0.004 0"><span class='ocrx_word' id='word_1_51' title='bbox 317 971 607 1024; x_wconf 80' lang='lat' dir='ltr'><strong>Contrahes</strong></span> <span class='ocrx_word' id='word_1_52' title='bbox 633 977 785 1020; x_wconf 87' lang='lat' dir='ltr'><strong>vento</strong></span> <span class='ocrx_word' id='word_1_53' title='bbox 811 972 1020 1020; x_wconf 89' lang='lat' dir='ltr'><strong>nimium</strong></span> <span class='ocrx_word' id='word_1_54' title='bbox 1048 972 1271 1020; x_wconf 86' lang='lat' dir='ltr'><strong>secundo</strong></span> 
     </span>
     <span class='ocr_line' id='line_1_13' title="bbox 585 1039 977 1102; baseline 0 -15"><span class='ocrx_word' id='word_1_55' title='bbox 585 1039 815 1102; x_wconf 85' lang='lat' dir='ltr'><strong>Turgida</strong></span> <span class='ocrx_word' id='word_1_56' title='bbox 851 1039 977 1087; x_wconf 89' lang='lat' dir='ltr'><strong>vela.</strong></span> 
     </span>
    </p>
   </div>
   <div class='ocr_carea' id='block_1_5' title="bbox 853 1241 952 1290">
    <p class='ocr_par' dir='ltr' id='par_1_5' title="bbox 853 1241 952 1290">
     <span class='ocr_line' id='line_1_14' title="bbox 853 1241 952 1290; baseline 0 0"><span class='ocrx_word' id='word_1_57' title='bbox 853 1241 952 1290; x_wconf 92' lang='lat' dir='ltr'><strong>XI.</strong></span> 
     </span>
    </p>
   </div>
   <div class='ocr_carea' id='block_1_6' title="bbox 307 1345 1672 2822">
    <p class='ocr_par' dir='ltr' id='par_1_6' title="bbox 307 1345 1672 2822">
     <span class='ocr_line' id='line_1_15' title="bbox 316 1345 1417 1410; baseline -0.001 -15"><span class='ocrx_word' id='word_1_58' title='bbox 316 1346 456 1409; x_wconf 82' lang='lat' dir='ltr'><strong>Quid</strong></span> <span class='ocrx_word' id='word_1_59' title='bbox 477 1345 752 1395; x_wconf 87' lang='lat' dir='ltr'><strong>bellicosus</strong></span> <span class='ocrx_word' id='word_1_60' title='bbox 781 1346 1040 1394; x_wconf 85' lang='lat' dir='ltr'><strong>Cantaber</strong></span> <span class='ocrx_word' id='word_1_61' title='bbox 1065 1350 1156 1394; x_wconf 89' lang='lat' dir='ltr'><strong>aut</strong></span> <span class='ocrx_word' id='word_1_62' title='bbox 1181 1345 1417 1410; x_wconf 81' lang='lat' dir='ltr'><strong>ScytheS,</strong></span> 
     </span>
     <span class='ocr_line' id='line_1_16' title="bbox 322 1413 1210 1478; baseline -0.002 -16"><span class='ocrx_word' id='word_1_63' title='bbox 322 1413 539 1478; x_wconf 84' lang='lat' dir='ltr'><strong>Hirpine</strong></span> <span class='ocrx_word' id='word_1_64' title='bbox 566 1413 761 1475; x_wconf 84' lang='lat' dir='ltr'><strong>Quinti,</strong></span> <span class='ocrx_word' id='word_1_65' title='bbox 790 1413 984 1475; x_wconf 84' lang='lat' dir='ltr'><strong>cogitet</strong></span> <span class='ocrx_word' id='word_1_66' title='bbox 1010 1413 1210 1461; x_wconf 89' lang='lat' dir='ltr'><strong>Hadria</strong></span> 
     </span>
     <span class='ocr_line' id='line_1_17' title="bbox 384 1480 1121 1543; baseline -0.001 -14"><span class='ocrx_word' id='word_1_67' title='bbox 384 1481 601 1530; x_wconf 89' lang='lat' dir='ltr'><strong>Divisus</strong></span> <span class='ocrx_word' id='word_1_68' title='bbox 637 1481 847 1543; x_wconf 87' lang='lat' dir='ltr'><strong>object0,</strong></span> <span class='ocrx_word' id='word_1_69' title='bbox 888 1480 1121 1528; x_wconf 87' lang='lat' dir='ltr'><strong>remittas</strong></span> 
     </span>
     <span class='ocr_line' id='line_1_18' title="bbox 453 1548 1392 1611; baseline 0 -16"><span class='ocrx_word' id='word_1_70' title='bbox 453 1549 724 1610; x_wconf 81' lang='lat' dir='ltr'><strong>Quaerere,</strong></span> <span class='ocrx_word' id='word_1_71' title='bbox 763 1563 854 1595; x_wconf 85' lang='lat' dir='ltr'><strong>nec</strong></span> <span class='ocrx_word' id='word_1_72' title='bbox 892 1548 1116 1611; x_wconf 89' lang='lat' dir='ltr'><strong>trepides</strong></span> <span class='ocrx_word' id='word_1_73' title='bbox 1153 1548 1207 1595; x_wconf 91' lang='lat' dir='ltr'><strong>in</strong></span> <span class='ocrx_word' id='word_1_74' title='bbox 1242 1562 1392 1595; x_wconf 88' lang='lat' dir='ltr'><strong>usum</strong></span> 
     </span>
     <span class='ocr_line' id='line_1_19' title="bbox 316 1615 1672 1678; baseline 0.001 -15"><span class='ocrx_word' id='word_1_75' title='bbox 316 1615 585 1663; x_wconf 85' lang='lat' dir='ltr'><strong>Poscentis</strong></span> <span class='ocrx_word' id='word_1_76' title='bbox 610 1615 723 1662; x_wconf 85' lang='lat' dir='ltr'><strong>aevi</strong></span> <span class='ocrx_word' id='word_1_77' title='bbox 747 1630 925 1678; x_wconf 85' lang='lat' dir='ltr'><strong>pauca.</strong></span> <span class='ocrx_word' id='word_1_78' title='bbox 999 1615 1161 1678; x_wconf 85' lang='lat' dir='ltr'><strong>Fugit</strong></span> <span class='ocrx_word' id='word_1_79' title='bbox 1185 1619 1321 1664; x_wconf 89' lang='lat' dir='ltr'><strong>retro</strong></span> <span class='ocrx_word' id='word_1_80' title='bbox 1641 1617 1672 1664; x_wconf 85' lang='lat'><strong>5</strong></span> 
     </span>
     <span class='ocr_line' id='line_1_20' title="bbox 315 1682 1218 1744; baseline -0.001 -13"><span class='ocrx_word' id='word_1_81' title='bbox 315 1682 475 1731; x_wconf 85' lang='lat' dir='ltr'><strong>Levis</strong></span> <span class='ocrx_word' id='word_1_82' title='bbox 503 1683 746 1744; x_wconf 87' lang='lat' dir='ltr'><strong>juventas</strong></span> <span class='ocrx_word' id='word_1_83' title='bbox 782 1688 835 1730; x_wconf 89' lang='lat' dir='ltr'><strong>et</strong></span> <span class='ocrx_word' id='word_1_84' title='bbox 871 1683 1035 1740; x_wconf 86' lang='lat' dir='ltr'><strong>decor,</strong></span> <span class='ocrx_word' id='word_1_85' title='bbox 1075 1683 1218 1730; x_wconf 87' lang='lat' dir='ltr'><strong>arida</strong></span> 
     </span>
     <span class='ocr_line' id='line_1_21' title="bbox 384 1749 1108 1797; baseline 0 0"><span class='ocrx_word' id='word_1_86' title='bbox 384 1749 613 1797; x_wconf 85' lang='lat' dir='ltr'><strong>Pellente</strong></span> <span class='ocrx_word' id='word_1_87' title='bbox 650 1749 871 1797; x_wconf 87' lang='lat' dir='ltr'><strong>lascivos</strong></span> <span class='ocrx_word' id='word_1_88' title='bbox 909 1764 1108 1797; x_wconf 88' lang='lat' dir='ltr'><strong>amores</strong></span> 
     </span>
     <span class='ocr_line' id='line_1_22' title="bbox 457 1816 1281 1880; baseline 0 -15"><span class='ocrx_word' id='word_1_89' title='bbox 457 1816 658 1865; x_wconf 83' lang='lat' dir='ltr'><strong>Canitie</strong></span> <span class='ocrx_word' id='word_1_90' title='bbox 695 1816 994 1880; x_wconf 84' lang='lat' dir='ltr'><strong>facilemque</strong></span> <span class='ocrx_word' id='word_1_91' title='bbox 1031 1831 1281 1865; x_wconf 90' lang='lat' dir='ltr'><strong>somnum.</strong></span> 
     </span>
     <span class='ocr_line' id='line_1_23' title="bbox 315 1883 1348 1947; baseline 0.001 -16"><span class='ocrx_word' id='word_1_92' title='bbox 315 1883 437 1932; x_wconf 85' lang='lat' dir='ltr'><strong>Non</strong></span> <span class='ocrx_word' id='word_1_93' title='bbox 462 1898 661 1947; x_wconf 83' lang='lat' dir='ltr'><strong>semper</strong></span> <span class='ocrx_word' id='word_1_94' title='bbox 685 1883 821 1931; x_wconf 87' lang='lat' dir='ltr'><strong>idem</strong></span> <span class='ocrx_word' id='word_1_95' title='bbox 850 1883 1057 1931; x_wconf 89' lang='lat' dir='ltr'><strong>floribus</strong></span> <span class='ocrx_word' id='word_1_96' title='bbox 1081 1889 1160 1932; x_wconf 89' lang='lat' dir='ltr'><strong>est</strong></span> <span class='ocrx_word' id='word_1_97' title='bbox 1186 1884 1348 1932; x_wconf 89' lang='lat' dir='ltr'><strong>honor</strong></span> 
     </span>
     <span class='ocr_line' id='line_1_24' title="bbox 314 1950 1669 2013; baseline 0 -13"><span class='ocrx_word' id='word_1_98' title='bbox 314 1950 518 2010; x_wconf 86' lang='lat' dir='ltr'><strong>Vernis,</strong></span> <span class='ocrx_word' id='word_1_99' title='bbox 547 1966 708 2013; x_wconf 89' lang='lat' dir='ltr'><strong>neque</strong></span> <span class='ocrx_word' id='word_1_100' title='bbox 733 1966 836 1998; x_wconf 93' lang='lat' dir='ltr'><strong>uno</strong></span> <span class='ocrx_word' id='word_1_101' title='bbox 865 1951 1015 1998; x_wconf 88' lang='lat' dir='ltr'><strong>Luna</strong></span> <span class='ocrx_word' id='word_1_102' title='bbox 1037 1951 1224 1999; x_wconf 90' lang='lat' dir='ltr'><strong>rubens</strong></span> <span class='ocrx_word' id='word_1_103' title='bbox 1249 1952 1381 2000; x_wconf 90' lang='lat' dir='ltr'><strong>nitet</strong></span> <span class='ocrx_word' id='word_1_104' title='bbox 1609 1952 1669 2000; x_wconf 91' lang='grc'><strong>10</strong></span> 
     </span>
     <span class='ocr_line' id='line_1_25' title="bbox 381 2018 1278 2080; baseline -0.001 -13"><span class='ocrx_word' id='word_1_105' title='bbox 381 2018 572 2067; x_wconf 84' lang='lat' dir='ltr'><strong>Voltu:</strong></span> <span class='ocrx_word' id='word_1_106' title='bbox 610 2018 732 2080; x_wconf 91' lang='lat' dir='ltr'><strong>quid</strong></span> <span class='ocrx_word' id='word_1_107' title='bbox 771 2018 994 2066; x_wconf 85' lang='lat' dir='ltr'><strong>aeternis</strong></span> <span class='ocrx_word' id='word_1_108' title='bbox 1030 2018 1278 2066; x_wconf 87' lang='lat' dir='ltr'><strong>minorem</strong></span> 
     </span>
     <span class='ocr_line' id='line_1_26' title="bbox 448 2085 1220 2148; baseline 0.001 -14"><span class='ocrx_word' id='word_1_109' title='bbox 448 2085 688 2134; x_wconf 85' lang='lat' dir='ltr'><strong>Consiliis</strong></span> <span class='ocrx_word' id='word_1_110' title='bbox 726 2086 954 2133; x_wconf 83' lang='lat' dir='ltr'><strong>animum</strong></span> <span class='ocrx_word' id='word_1_111' title='bbox 993 2085 1220 2148; x_wconf 85' lang='lat' dir='ltr'><strong>fatigas?</strong></span> 
     </span>
     <span class='ocr_line' id='line_1_27' title="bbox 315 2152 1372 2215; baseline 0 -13"><span class='ocrx_word' id='word_1_112' title='bbox 315 2152 424 2203; x_wconf 80' lang='lat' dir='ltr'><strong>Gur</strong></span> <span class='ocrx_word' id='word_1_113' title='bbox 446 2167 547 2200; x_wconf 90' lang='lat' dir='ltr'><strong>non</strong></span> <span class='ocrx_word' id='word_1_114' title='bbox 573 2153 667 2200; x_wconf 93' lang='lat' dir='ltr'><strong>sub</strong></span> <span class='ocrx_word' id='word_1_115' title='bbox 692 2153 800 2200; x_wconf 87' lang='lat' dir='ltr'><strong>alta</strong></span> <span class='ocrx_word' id='word_1_116' title='bbox 826 2153 906 2200; x_wconf 90' lang='lat' dir='ltr'><strong>vel</strong></span> <span class='ocrx_word' id='word_1_117' title='bbox 932 2153 1142 2215; x_wconf 86' lang='lat' dir='ltr'><strong>platano</strong></span> <span class='ocrx_word' id='word_1_118' title='bbox 1170 2153 1248 2201; x_wconf 88' lang='lat' dir='ltr'><strong>vel</strong></span> <span class='ocrx_word' id='word_1_119' title='bbox 1277 2153 1372 2202; x_wconf 88' lang='lat' dir='ltr'><strong>hac</strong></span> 
     </span>
     <span class='ocr_line' id='line_1_28' title="bbox 312 2220 1300 2282; baseline 0.001 -13"><span class='ocrx_word' id='word_1_120' title='bbox 312 2220 449 2270; x_wconf 91' lang='lat' dir='ltr'><strong>Pinu</strong></span> <span class='ocrx_word' id='word_1_121' title='bbox 474 2221 706 2282; x_wconf 82' lang='lat' dir='ltr'><strong>jacentes</strong></span> <span class='ocrx_word' id='word_1_122' title='bbox 742 2220 815 2268; x_wconf 89' lang='lat' dir='ltr'><strong>sic</strong></span> <span class='ocrx_word' id='word_1_123' title='bbox 852 2226 1055 2279; x_wconf 85' lang='lat' dir='ltr'><strong>temere,</strong></span> <span class='ocrx_word' id='word_1_124' title='bbox 1094 2227 1146 2268; x_wconf 84' lang='lat' dir='ltr'><strong>et</strong></span> <span class='ocrx_word' id='word_1_125' title='bbox 1176 2236 1300 2270; x_wconf 76' lang='lat' dir='ltr'><strong>vrosa</strong></span> 
     </span>
     <span class='ocr_line' id='line_1_29' title="bbox 382 2287 1666 2350; baseline -0.002 -15"><span class='ocrx_word' id='word_1_126' title='bbox 382 2287 553 2336; x_wconf 86' lang='lat' dir='ltr'><strong>Canos</strong></span> <span class='ocrx_word' id='word_1_127' title='bbox 589 2287 789 2335; x_wconf 84' lang='lat' dir='ltr'><strong>odorati</strong></span> <span class='ocrx_word' id='word_1_128' title='bbox 830 2288 1056 2350; x_wconf 76' lang='lat' dir='ltr'><strong>capiIIOS,</strong></span> <span class='ocrx_word' id='word_1_129' title='bbox 1605 2287 1666 2334; x_wconf 88' lang='lat'><strong>15</strong></span> 
     </span>
     <span class='ocr_line' id='line_1_30' title="bbox 445 2354 1311 2418; baseline 0.003 -17"><span class='ocrx_word' id='word_1_130' title='bbox 445 2354 581 2402; x_wconf 91' lang='lat' dir='ltr'><strong>Dum</strong></span> <span class='ocrx_word' id='word_1_131' title='bbox 618 2354 750 2413; x_wconf 88' lang='lat' dir='ltr'><strong>licet,</strong></span> <span class='ocrx_word' id='word_1_132' title='bbox 791 2355 1115 2418; x_wconf 84' lang='lat' dir='ltr'><strong>Assyriaque</strong></span> <span class='ocrx_word' id='word_1_133' title='bbox 1153 2356 1311 2404; x_wconf 87' lang='lat' dir='ltr'><strong>nardo</strong></span> 
     </span>
     <span class='ocr_line' id='line_1_31' title="bbox 311 2419 1269 2486; baseline 0 -15"><span class='ocrx_word' id='word_1_134' title='bbox 311 2420 558 2470; x_wconf 85' lang='lat' dir='ltr'><strong>Potamus</strong></span> <span class='ocrx_word' id='word_1_135' title='bbox 595 2419 770 2469; x_wconf 81' lang='lat' dir='ltr'><strong>uncti?</strong></span> <span class='ocrx_word' id='word_1_136' title='bbox 845 2422 1078 2486; x_wconf 89' lang='lat' dir='ltr'><strong>Dissipat</strong></span> <span class='ocrx_word' id='word_1_137' title='bbox 1104 2423 1269 2471; x_wconf 87' lang='lat' dir='ltr'><strong>Euius</strong></span> 
     </span>
     <span class='ocr_line' id='line_1_32' title="bbox 309 2488 1243 2553; baseline -0.001 -14"><span class='ocrx_word' id='word_1_138' title='bbox 309 2488 476 2540; x_wconf 84' lang='lat' dir='ltr'><strong>Curas</strong></span> <span class='ocrx_word' id='word_1_139' title='bbox 511 2489 703 2536; x_wconf 88' lang='lat' dir='ltr'><strong>edaces.</strong></span> <span class='ocrx_word' id='word_1_140' title='bbox 781 2489 908 2550; x_wconf 83' lang='lat' dir='ltr'><strong>Quis</strong></span> <span class='ocrx_word' id='word_1_141' title='bbox 943 2505 1068 2553; x_wconf 88' lang='lat' dir='ltr'><strong>puer</strong></span> <span class='ocrx_word' id='word_1_142' title='bbox 1102 2491 1243 2539; x_wconf 91' lang='lat' dir='ltr'><strong>ocius</strong></span> 
     </span>
     <span class='ocr_line' id='line_1_33' title="bbox 377 2556 1196 2618; baseline -0.001 -13"><span class='ocrx_word' id='word_1_143' title='bbox 377 2556 689 2618; x_wconf 85' lang='lat' dir='ltr'><strong>Restinguet</strong></span> <span class='ocrx_word' id='word_1_144' title='bbox 726 2557 954 2605; x_wconf 87' lang='lat' dir='ltr'><strong>ardentis</strong></span> <span class='ocrx_word' id='word_1_145' title='bbox 994 2557 1196 2605; x_wconf 86' lang='lat' dir='ltr'><strong>Falerni</strong></span> 
     </span>
     <span class='ocr_line' id='line_1_34' title="bbox 443 2622 1662 2688; baseline 0.001 -18"><span class='ocrx_word' id='word_1_146' title='bbox 443 2623 634 2671; x_wconf 86' lang='lat' dir='ltr'><strong>Pocula</strong></span> <span class='ocrx_word' id='word_1_147' title='bbox 668 2628 1019 2687; x_wconf 71' lang='lat' dir='ltr'><strong>praetereunte</strong></span> <span class='ocrx_word' id='word_1_148' title='bbox 1056 2622 1306 2688; x_wconf 82' lang='lat' dir='ltr'><strong>lympha?</strong></span> <span class='ocrx_word' id='word_1_149' title='bbox 1601 2623 1662 2671; x_wconf 82' lang='lat'><strong>20</strong></span> 
     </span>
     <span class='ocr_line' id='line_1_35' title="bbox 308 2690 1279 2752; baseline 0.003 -15"><span class='ocrx_word' id='word_1_150' title='bbox 308 2690 435 2752; x_wconf 82' lang='lat' dir='ltr'><strong>Quis</strong></span> <span class='ocrx_word' id='word_1_151' title='bbox 460 2691 664 2738; x_wconf 86' lang='lat' dir='ltr'><strong>devium</strong></span> <span class='ocrx_word' id='word_1_152' title='bbox 692 2696 912 2737; x_wconf 87' lang='lat' dir='ltr'><strong>scortum</strong></span> <span class='ocrx_word' id='word_1_153' title='bbox 940 2691 1106 2740; x_wconf 84' lang='lat' dir='ltr'><strong>eliciet</strong></span> <span class='ocrx_word' id='word_1_154' title='bbox 1130 2692 1279 2739; x_wconf 90' lang='lat' dir='ltr'><strong>domo</strong></span> 
     </span>
     <span class='ocr_line' id='line_1_36' title="bbox 307 2755 1362 2822; baseline 0 -17"><span class='ocrx_word' id='word_1_155' title='bbox 307 2755 532 2820; x_wconf 81' lang='lat' dir='ltr'><strong>Lyden?</strong></span> <span class='ocrx_word' id='word_1_156' title='bbox 605 2757 832 2815; x_wconf 86' lang='lat' dir='ltr'><strong>Eburna,</strong></span> <span class='ocrx_word' id='word_1_157' title='bbox 860 2757 940 2805; x_wconf 88' lang='lat' dir='ltr'><strong>dic</strong></span> <span class='ocrx_word' id='word_1_158' title='bbox 967 2773 1077 2819; x_wconf 84' lang='lat' dir='ltr'><strong>age,</strong></span> <span class='ocrx_word' id='word_1_159' title='bbox 1106 2774 1219 2806; x_wconf 85' lang='lat' dir='ltr'><strong>cum</strong></span> <span class='ocrx_word' id='word_1_160' title='bbox 1247 2759 1362 2822; x_wconf 87' lang='lat' dir='ltr'><strong>lyra</strong></span> 
     </span>
    </p>
   </div>
   <div class='ocr_carea' id='block_1_7' title="bbox 243 2884 1532 2924">
    <p class='ocr_par' dir='ltr' id='par_1_7' title="bbox 243 2884 1532 2924">
     <span class='ocr_line' id='line_1_37' title="bbox 243 2884 1532 2924; baseline 0.001 -3"><span class='ocrx_word' id='word_1_161' title='bbox 243 2884 291 2921; x_wconf 82' lang='lat'><strong>18</strong></span> <span class='ocrx_word' id='word_1_162' title='bbox 308 2884 487 2922; x_wconf 73' lang='lat' dir='ltr'><strong>citharae</strong></span> <span class='ocrx_word' id='word_1_163' title='bbox 592 2885 610 2919; x_wconf 92' lang='lat'>1</span> <span class='ocrx_word' id='word_1_164' title='bbox 632 2887 672 2920; x_wconf 81' lang='lat' dir='ltr'><strong>et</strong></span> <span class='ocrx_word' id='word_1_165' title='bbox 774 2885 798 2919; x_wconf 79' lang='lat'>4</span> <span class='ocrx_word' id='word_1_166' title='bbox 817 2895 867 2920; x_wconf 83' lang='lat' dir='ltr'><strong>ne</strong></span> <span class='ocrx_word' id='word_1_167' title='bbox 972 2886 1017 2920; x_wconf 86' lang='lat'><strong>15</strong></span> <span class='ocrx_word' id='word_1_168' title='bbox 1037 2886 1206 2922; x_wconf 81' lang='lat' dir='ltr'><strong>odorata</strong></span> <span class='ocrx_word' id='word_1_169' title='bbox 1310 2886 1355 2924; x_wconf 87' lang='grc'><strong>17</strong></span> <span class='ocrx_word' id='word_1_170' title='bbox 1378 2884 1532 2922; x_wconf 69' lang='lat' dir='ltr'><strong>Euhius</strong></span> 
     </span>
    </p>
   </div>
  </div>
 </body>
</html>
