1846 3034
154 170 261 224 234
482 183 722 222 Horum
766 184 1218 225 Ems'rvnARvu
1249 185 1316 224 11.
1345 173 1377 224 2

156 315 263 364 Scit
289 315 495 375 Genius,
522 317 693 364 natale
719 332 887 364 comes
912 317 996 379 qui
1020 321 1270 379 temperat
1296 322 1508 378 astrum,

154 383 384 431 Naturae
412 385 537 430 deus
563 383 828 442 humanae,
856 385 1085 431 mortalis
1110 385 1163 430 in
1187 400 1345 431 unum

157 451 403 512 Quodque
431 456 596 512 caput,
627 451 765 498 voltu
791 451 1064 508 mutabilis,
1094 451 1240 498 albus
1263 456 1316 498 et
1341 455 1463 499 ater.

155 517 286 565 Utar
310 523 362 564 et
384 533 447 564 ex
471 518 683 575 modico,
712 524 959 580 quantum
986 532 1066 564 res
1089 522 1278 580 poscet,
1307 533 1488 566 acervo
1623 519 1718 567 190

156 585 366 643 Tollam,
396 600 486 631 nec
512 590 738 631 metuam
765 585 886 647 quid
913 585 974 631 de
1001 600 1080 632 me
1097 585 1293 646 Judicet
1318 585 1477 643 heres,

157 653 304 713 Quod
330 667 426 698 non
454 651 598 714 plura
622 651 758 698 datis
787 651 1069 712 invenerit;
1105 656 1156 698 et
1180 657 1353 699 tamen
1377 652 1509 700 idem

157 719 294 767 Scire
321 719 490 766 volam
517 724 762 781 quantum
791 719 1007 781 simplex
1033 718 1310 781 hilarisque
1336 719 1508 782 nepoti

156 786 437 849 Discrepet,
465 791 517 833 et
542 792 790 849 quantum
818 786 1074 834 discordet
1097 800 1281 849 parcus
1306 801 1474 834 avaro.

157 853 332 900 Distat
342 853 713 916 enim,spargas
728 860 817 900 tua
829 853 1155 915 prodigus,an
1167 868 1328 915 neque
1341 857 1598 917 sumptum
1623 855 1714 903 195

155 920 359 968 Invitus
385 921 541 968 facias
569 936 728 983 neque
757 921 904 983 plura
927 935 1104 983 parare
1129 920 1339 977 labores,

155 988 235 1035 Ac
259 988 442 1050 potiuS,
468 1002 594 1050 puer
620 995 678 1035 ut
705 988 851 1035 festis
882 987 1282 1049 Quinquatribus
1308 986 1441 1046 olim,

158 1054 358 1117 Exiguo
385 1061 630 1117 gratoque
659 1056 842 1102 fruaris
868 1060 1092 1117 tempore
1118 1054 1320 1117 raptim.

158 1121 432 1184 Pauperies
459 1123 720 1169 immunda
747 1123 928 1169 domus
953 1121 1124 1184 procul
1152 1121 1314 1169 absit:
1349 1135 1462 1182 ego,
1491 1124 1661 1167 utrum

156 1187 302 1236 Nave
329 1189 459 1236 ferar
484 1205 671 1251 magna
700 1206 763 1236 an
789 1205 962 1252 parva,
990 1189 1122 1236 ferar
1144 1203 1276 1235 unus
1299 1191 1352 1235 et
1375 1187 1522 1235 idem.
1620 1189 1715 1234 200

156 1255 274 1304 Non
301 1256 501 1318 agimur
525 1257 735 1303 tumidis
764 1256 890 1303 velis
916 1256 1150 1319 aquilone
1175 1254 1427 1314 secund03

155 1321 272 1370 Non
298 1327 470 1370 tamen
496 1324 724 1370 adversis
754 1328 975 1370 aetatem
1001 1323 1231 1370 ducimus
1257 1320 1458 1380 austris,

155 1390 382 1448 Viribus,
407 1390 624 1451 ingenio,
654 1391 834 1453 specie,
863 1391 1066 1448 virtute,
1094 1390 1218 1447 loco,
1243 1404 1311 1446 re,

155 1457 386 1505 Extremi
412 1458 703 1519 primorum,
732 1457 973 1504 extremis
1000 1471 1156 1518 usque
1180 1457 1388 1519 priores,

154 1523 274 1572 Non
297 1539 352 1571 es
378 1539 590 1572 avarus:
630 1525 724 1573 abi.
802 1524 952 1585 Quid,
979 1528 1146 1571 cetera
1161 1524 1269 1584 jam
1293 1521 1445 1569 simul
1470 1520 1571 1568 isto
1619 1522 1715 1569 205

157 1590 287 1639 Cum
314 1591 438 1639 vitio
466 1590 677 1653 fugere?
754 1592 910 1640 Caret
934 1591 1037 1645 tibi,
1052 1594 1230 1652 pectus
1254 1589 1393 1636 inani

155 1657 488 1706 Ambitione?
562 1658 717 1706 Caret
736 1658 916 1706 mortis
941 1657 1206 1705 formidine
1231 1661 1283 1703 et
1306 1653 1419 1703 ira?

157 1723 379 1784 Somnia,
406 1730 623 1773 terrores
651 1726 893 1788 magicos,
923 1724 1179 1782 miracula,
1206 1738 1372 1785 sagas,

155 1792 445 1840 Nocturnos
470 1793 686 1840 lemures
714 1798 1048 1855 portentaque
1077 1790 1323 1838 Thessala
1348 1787 1522 1837 rides?

153 1859 368 1907 Natales
393 1866 535 1922 grate
562 1859 838 1908 numeras?
910 1858 1143 1921 Ignoscis
1167 1855 1380 1904 amicis?
1620 1856 1714 1903 210

155 1926 343 1974 Lenior
365 1932 417 1975 et
441 1928 618 1975 melior
644 1928 701 1974 fis
730 1927 996 1975 accedente
1025 1930 1229 1973 senecta
1250 1922 1271 1971 ἵ

155 1994 289 2054 Quid
313 1999 362 2041 te
387 1999 624 2057 exempta
648 1995 786 2042 levat
813 1994 974 2056 spinis
999 1993 1060 2040 de
1084 1991 1316 2056 pluribus
1340 1987 1479 2038 una?

153 2060 342 2108 Vivere
368 2062 410 2108 si
435 2068 569 2110 recte
597 2062 774 2118 nescis,
804 2061 988 2108 decede
1013 2058 1204 2122 peritis.

155 2126 351 2175 Lusisti
378 2130 517 2187 satis,
543 2128 694 2176 edisti
723 2128 848 2175 satis
870 2132 1020 2189 atque
1046 2125 1248 2173 bibisti:

154 2193 377 2256 Tempus
402 2196 540 2243 abire
567 2195 661 2243 tibi
686 2199 778 2251 est,
807 2209 868 2241 ne
893 2198 1070 2256 potum
1096 2191 1289 2254 largius
1313 2205 1474 2253 aequo
1618 2190 1712 2236 215

155 2259 344 2309 Rideat
368 2266 420 2310 et
443 2263 613 2325 pulset
637 2261 830 2308 lasciva
855 2260 1117 2308 decentius
1143 2259 1333 2307 aetas.’'

177 2386 250 2423 199
273 2387 412 2437 procul
430 2387 581 2437 procul,
610 2386 726 2423 domo
752 2386 904 2436 procul,
925 2386 1047 2422 domu
1071 2384 1224 2434 procul,
1242 2382 1360 2419 modo
1386 2381 1527 2432 procul
1553 2393 1574 2416 e
1599 2380 1709 2426 coni„

682 2437 797 2472 modo
826 2439 871 2472 ut
887 2436 1027 2485 procul
1045 2448 1064 2471 e
1082 2435 1181 2471 coni.

433 2487 507 2525 20⁶
526 2487 644 2535 fuge:
671 2487 747 2523 rito
848 2486 922 2523 212
941 2486 1056 2522 iuvat
1157 2484 1231 2521 210
1249 2482 1436 2519 licentius
