1846 3034
753 191 877 230 mn.
916 191 956 231 1.
998 175 1047 246 7,
1079 177 1111 231 8
1627 180 1734 234 203

161 327 420 376 Excusare
444 325 669 374 laborem
694 329 747 373 et
770 325 1120 372 mercennaria
1145 325 1328 385 vincla,

164 395 314 457 Quod
338 399 440 442 non
465 388 614 442 mane
641 393 847 440 domum
877 393 1116 451 venisset,
1145 394 1362 456 denique
1389 393 1526 457 quod
1554 409 1654 441 non

163 461 485 510 Providisset
507 477 639 508 eum.
716 465 742 484 “
765 459 849 508 Sic
874 460 1138 522 ignovisse
1163 467 1346 524 putato
1523 457 1531 461 ’

162 529 247 577 Me
274 529 383 587 tibi,
399 528 445 575 si
462 543 615 576 cenas
634 527 783 575 hodie
800 530 1048 575 mecum.''
1099 533 1125 552 “
1144 528 1220 576 Ut
1236 529 1408 577 libet.''
1458 529 1643 592 “Ergo
1673 528 1735 580 70

163 596 291 645 Post
315 611 503 643 nonam
531 596 737 655 venies3
776 610 909 644 nunc
936 594 967 653 i,
995 610 1100 643 rem
1126 601 1367 644 strenuus
1394 612 1524 659 auge
1543 596 1554 645 l
1573 599 1599 624 '’

163 663 239 712 Ut
264 670 473 711 ventum
501 663 566 710 ad
592 666 768 710 cenam
796 668 888 721 est,
918 663 1132 711 dicenda
1155 665 1374 712 tacenda
1397 665 1600 713 locutus

162 731 393 779 Tandem
419 730 694 778 dormitum
724 730 1012 779 dimittitur.
1089 731 1191 779 Hic
1217 732 1305 779 ubi
1333 748 1486 795 saepe

163 797 433 847 Occultum
459 797 602 846 visus
629 798 894 845 decurrere
920 799 1078 862 piscis
1106 799 1171 847 ad
1198 799 1423 861 hamum,

160 860 317 914 Mane
342 865 498 913 cliens
521 870 574 914 et
602 866 709 927 jam
737 872 905 914 certus
932 867 1165 926 conviva,
1185 868 1395 929 jubetur
1674 864 1734 916 ⁷5

161 933 307 981 Rura
332 933 624 981 suburbana
650 934 857 982 indictis
882 949 1051 982 comes
1076 935 1148 982 ire
1175 935 1392 984 Latinis.

160 999 446 1064 Impositus
470 1001 673 1049 mannis
700 1017 879 1049 arvum
909 1002 1204 1065 caelumque
1232 1002 1479 1051 Sabinum

160 1067 280 1116 Non
305 1073 476 1116 cessat
499 1068 723 1133 laudare.
798 1068 958 1117 Videt
983 1070 1213 1133 ridetque
1241 1071 1528 1134 Philippus,

160 1135 232 1184 Et
257 1136 353 1184 sibi
380 1136 502 1184 dum
527 1137 769 1200 requiem,
798 1137 919 1184 dum
946 1138 1080 1185 risus
1107 1139 1330 1202 undique
1355 1139 1570 1202 quaerjt,

160 1202 299 1251 Dum
325 1209 521 1267 septem
547 1205 705 1252 donat
731 1205 984 1263 sestertia,
1012 1211 1190 1253 mutua
1216 1212 1414 1271 septem
1670 1206 1731 1253 80

160 1270 440 1331 Promittit,
466 1273 744 1335 persuadet
768 1273 844 1319 uti
870 1278 1120 1321 mercetur
1134 1274 1381 1336 agellum.

159 1338 430 1388 Mereatur.
504 1339 584 1388 Ne
609 1344 659 1388 te
687 1340 856 1403 longis
879 1341 1185 1404 amhagibus
1212 1342 1346 1390 ultra

160 1406 326 1468 Quam
352 1407 482 1455 satis
505 1412 585 1455 est
609 1423 789 1467 mmet,
817 1424 881 1456 ex
906 1409 1069 1456 nitido
1095 1409 1150 1456 fit
1174 1410 1413 1469 rusticus,
1442 1413 1596 1473 atque

159 1472 340 1522 Sulcns
358 1480 418 1524 et
435 1475 617 1523 uineta
643 1480 817 1539 crepat
842 1492 1010 1538 mera3
1047 1483 1320 1540 praeparat
1345 1478 1525 1537 ulmOS,

151 1540 457 1590 Immoritur
482 1543 686 1600 studiis,
716 1549 768 1591 et
794 1559 966 1591 amore
992 1545 1212 1592 senescit
1238 1544 1472 1594 habendi.
1668 1543 1729 1590 85

158 1608 355 1657 Verum
382 1610 467 1658 ubi
494 1625 618 1658 oves
644 1611 796 1668 furto,
825 1611 1003 1660 morbo
1029 1612 1220 1675 periere
1247 1613 1486 1676 capellae,

159 1675 315 1740 Spem
340 1677 558 1726 mentita
585 1693 750 1741 seges,
779 1679 873 1726 bos
899 1684 980 1727 est
1004 1686 1213 1728 enectus
1240 1681 1445 1741 arando,

158 1742 395 1792 Offensus
420 1745 619 1793 damnis
647 1747 815 1794 media
840 1747 901 1794 de
926 1752 1074 1795 nocte
1100 1748 1354 1795 caballum

156 1811 355 1875 Arripit
379 1812 639 1876 iratusque
668 1813 894 1877 Philippi
920 1815 1086 1863 tendit
1111 1815 1174 1863 ad
1201 1816 1367 1864 aedes.

156 1879 320 1940 Quem
339 1880 489 1927 simul
508 1881 709 1943 aspexit
727 1882 962 1929 scabrum
979 1882 1341 1946 intonsumque
1360 1882 1647 1946 Philippus,
1666 1899 1727 1946 90

156 1951 184 1971 ‘⁶
204 1946 427 2005 Durus,''
452 1948 539 2007 ait,
569 1948 797 2008 “Voltei,
828 1949 978 1997 nimis
1004 1955 1331 2013 attentusque
1358 1951 1547 1999 videris

154 2011 285 2062 Esse
311 2014 485 2062 mihi.''
557 2020 585 2040 “
605 2015 699 2063 Pol
726 2033 805 2064 me
834 2018 1089 2076 miserum,
1116 2023 1346 2081 patrone,
1374 2034 1602 2079 vocares,

155 2079 209 2129 Si
237 2082 442 2139 velles,”
466 2082 649 2146 inquit,
679 2088 896 2132 “verum
925 2084 1050 2132 mihi
1076 2100 1263 2148 ponere
1290 2085 1501 2135 nomen!

154 2149 304 2209 Quod
329 2154 379 2197 te
403 2165 493 2213 per
519 2150 735 2199 Genium
761 2152 1093 2216 dextramque
1118 2154 1342 2216 deosque
1370 2154 1594 2202 Penates

154 2214 380 2264 Obsecro
405 2223 457 2265 et
482 2218 723 2276 obtestor,
752 2220 887 2267 vitae
913 2235 992 2268 me
1018 2221 1170 2268 redde
1195 2221 1402 2284 priori.’'
1666 2236 1726 2282 95

224 2283 325 2344 Qui
351 2284 505 2331 semel
534 2286 736 2348 aspexit
761 2292 1010 2349 quantum
1037 2288 1254 2336 dimissa
1277 2289 1456 2351 petitis

154 2348 441 2409 Praestent,
469 2358 665 2399 mature
691 2354 867 2401 redeat
892 2360 1189 2418 repetatque
1215 2355 1402 2404 relicta.

151 2415 327 2465 Metiri
352 2433 406 2466 se
432 2434 683 2482 quemque
710 2435 803 2468 suo
831 2421 1036 2470 modulo
1063 2437 1120 2471 ac
1145 2424 1272 2487 pede
1301 2438 1479 2471 verum
1503 2427 1597 2472 est.

858 2611 1014 2662 VIII.

152 2709 302 2759 Celso
328 2713 548 2774 gaudere
574 2718 626 2761 et
650 2714 778 2762 bene
804 2730 909 2763 rem
936 2731 1109 2778 gerere
1139 2716 1470 2764 Albinovano

149 2775 306 2826 Musa
331 2786 516 2842 rogata
539 2781 682 2841 refer,
711 2783 884 2829 comiti
911 2783 1204 2845 scribaeque
1231 2783 1467 2833 Neronis.

301 2909 347 2947 ⁶7
368 2911 616 2947 mercenaria
720 2912 767 2948 93
789 2913 920 2949 dicero
1023 2913 1071 2950 96
1092 2914 1210 2950 simul
1316 2914 1363 2953 96
1381 2912 1570 2963 adspexit
