1878 3054
165 167 236 219 38
626 181 866 220 HORA'PI
910 181 1252 222 CARMINVM

167 313 447 360 Postmodo
472 316 522 360 te
548 314 683 360 natis
710 314 939 361 fraudem
966 311 1320 362 committere?
1392 314 1521 362 Fors
1545 318 1597 362 et

302 381 488 427 Debita
517 382 632 441 Jura
667 382 904 443 vicesque
943 382 1186 444 superbae

169 448 240 495 Te
266 453 504 496 maneant
528 449 723 512 ipsum:
760 450 991 512 precibus
1018 464 1118 496 non
1145 449 1346 511 linquar
1371 448 1562 508 inultis,

303 516 473 578 Teque
507 517 708 578 piacula
744 517 884 563 nulla
918 517 1186 564 resolvent.

171 583 491 645 Quamquam
516 584 742 639 festinas,
771 599 871 630 non
897 588 975 630 est
1000 598 1141 631 mora
1165 583 1348 645 longa3
1383 582 1558 630 licebit
1653 585 1712 632 35

302 649 493 712 Injecto
529 654 606 698 ter
638 651 844 714 pulvere
880 664 1064 698 curras.

839 862 1053 911 XXIX.

368 968 484 1027 Ioci,
521 968 685 1015 beatis
722 982 854 1015 nunc
891 967 1121 1015 Arabum
1158 967 1360 1015 invides

370 1035 537 1093 GaziS,
575 1041 627 1082 et
663 1050 826 1082 acrem
865 1035 1105 1082 militiam
1140 1049 1291 1097 paras

435 1102 553 1150 Non
592 1107 707 1148 ante
746 1101 964 1149 devictis
1003 1101 1226 1149 Sabaeae

503 1169 750 1230 Regibus,
790 1168 1119 1231 horribilique
1156 1167 1310 1216 Medo

368 1235 544 1284 Nectis
581 1240 800 1283 catenas.
878 1236 1020 1296 Quae
1056 1235 1150 1283 tibi
1188 1235 1445 1297 virginum
1691 1231 1720 1279 5

371 1302 569 1365 Sponso
606 1307 782 1350 necato
820 1303 1034 1349 barbara
1071 1300 1293 1350 serviet?

436 1371 572 1418 Puer
606 1370 720 1432 quis
758 1385 819 1417 ex
858 1370 974 1417 aula
1011 1369 1209 1432 capillis

503 1437 589 1485 Ad
625 1436 870 1499 cyathum
909 1441 1164 1484 statuetur
1197 1436 1380 1495 unctis,

370 1503 567 1552 Doctus
604 1504 824 1565 sagittas
860 1504 1066 1551 tendere
1106 1502 1305 1551 Sericas

370 1572 507 1618 Arcu
541 1569 790 1634 paterno?
863 1571 991 1632 Quis
1025 1574 1178 1632 neget
1211 1569 1386 1618 arduis
1658 1565 1719 1614 10

438 1638 633 1685 Pronos
668 1637 823 1684 relabi
859 1653 1010 1700 posse
1046 1637 1186 1685 rivos

502 1704 769 1752 Montibus
804 1710 855 1752 et
893 1704 1115 1752 Tiberim
1150 1703 1352 1762 reverti,

373 1771 501 1820 Cum
536 1777 593 1819 tu
629 1778 885 1834 coemptos
922 1771 1142 1834 undique
1179 1771 1367 1818 nobilis

372 1838 556 1886 Libros
585 1838 798 1894 Panaeti
827 1837 1136 1886 Socraticam
1162 1841 1214 1885 et
1239 1838 1444 1886 domum

436 1905 641 1952 Mutare
678 1905 846 1953 loricis
885 1905 1108 1964 Hiberis,
1664 1900 1722 1948 15

506 1972 771 2020 Pollicitus
807 1972 1031 2032 meliora,
1068 1969 1271 2020 tendis?

863 2181 1047 2230 XXX.

373 2285 416 2334 Ο
442 2285 635 2341 Venus,
663 2283 839 2345 regina
866 2283 1015 2331 Cnidi
1044 2282 1325 2345 Paphique,

377 2353 567 2415 Sperne
593 2351 830 2399 dilectam
859 2350 1080 2412 Cypron,
1107 2355 1158 2396 et
1182 2348 1414 2396 vocantis

373 2420 507 2467 Ture
531 2423 581 2466 te
607 2418 766 2464 multo
795 2417 1040 2478 Glycerae
1066 2417 1299 2464 decoram

575 2485 815 2532 Transfer
850 2484 903 2530 in
940 2484 1144 2531 aedem:

374 2552 623 2599 Fervidus
648 2557 816 2599 tecum
841 2566 978 2614 puer,
1006 2555 1058 2597 et
1083 2550 1264 2597 solutis
1688 2554 1715 2601 5

376 2619 584 2667 Gratiae
610 2619 764 2676 zonis,
790 2622 1160 2680 properentque
1187 2615 1476 2678 Nymphae,

374 2686 445 2733 Et
469 2702 647 2748 parum
673 2686 830 2733 comis
856 2685 963 2744 sine
986 2688 1037 2731 te
1063 2684 1098 2732 J
1103 2687 1333 2742 uventas,

573 2753 965 2814 Mercuriusque.

345 2895 391 2930 31
412 2894 547 2938 forset,
563 2894 698 2929 forsan
803 2893 849 2929 13
869 2892 1023 2928 nobiles
1123 2891 1145 2926 1
1167 2889 1292 2926 Gnidi
1395 2890 1416 2925 3
1435 2888 1556 2926 thure
