1846 3034
709 149 834 188 ΜΒ.
875 148 917 190 1.
958 136 1040 202 13,
1073 136 1142 188 14
1593 135 1700 188 209

123 286 262 336 Rure
286 301 384 349 ego
409 285 687 344 viventem,
713 288 772 333 tu
797 284 926 332 dicis
950 283 1002 331 in
1028 284 1151 331 urbe
1176 283 1412 332 beatum:
1635 281 1693 328 10

125 354 224 403 Cui
247 354 418 417 placet
442 353 668 413 alterius,
696 367 791 400 sua
817 352 1058 399 nimirum
1085 356 1166 399 est
1192 352 1308 400 odio
1335 367 1458 399 sors.

124 420 328 470 Stultus
352 426 565 484 uterque
590 419 757 467 locum
782 419 1096 467 immeritum
1121 424 1361 467 causatur
1384 419 1585 482 inique:

123 489 186 537 In
210 489 359 551 culpa
382 493 464 536 est
488 488 704 546 animus,
733 487 820 550 qui
845 502 899 535 se
924 502 1027 534 non
1051 486 1233 550 effugit
1257 502 1515 550 umquam.

124 556 205 604 Tu
228 556 569 605 mediastinus
593 555 754 603 tacita
778 570 925 617 prece
949 569 1071 602 rura
1094 555 1319 618 petebas,

122 623 275 672 Nunc
299 624 478 671 urbem
501 628 554 671 et
579 623 727 671 ludos
752 628 806 671 et
830 623 1013 670 balnea
1037 622 1221 671 vilicus
1247 627 1422 687 optas;
1634 619 1697 667 15

123 690 211 739 Me
237 694 471 739 constare
496 690 624 738 mihi
649 691 764 749 scis,
792 695 844 738 et
867 691 1127 738 d1scedere
1151 691 1370 749 tristem,

124 759 562 821 Quandocumque
586 758 802 806 trahunt
826 758 995 806 invisa
1018 758 1228 820 negotia
1255 759 1494 806 Romam.

122 826 244 875 Non
266 826 448 875 eadem
473 826 749 887 miramur;
785 841 846 874 eo
871 826 1195 874 disconvenit
1217 826 1351 874 inter
1489 887 1491 889 v

122 893 312 958 Meque
335 898 390 942 et
406 898 488 942 te:
524 909 658 951 nam,
680 909 818 957 quae
843 894 1046 942 deserta
1070 898 1124 941 et
1145 894 1409 956 inhospita
1433 897 1618 955 tesqua

124 961 320 1020 CrediS,
347 977 564 1010 amoena
590 966 744 1009 vocat
766 976 965 1009 mecum
991 962 1075 1024 qui
1102 962 1276 1020 sentit,
1303 966 1358 1009 et
1382 962 1492 1010 odit
1636 958 1699 1005 20

123 1030 266 1092 Quae
290 1034 350 1092 tu
372 1029 584 1093 pulchra
605 1034 773 1093 putas.
845 1029 1038 1077 Fornix
1060 1029 1155 1077 tibi
1179 1034 1232 1078 et
1255 1033 1412 1077 uncta
1433 1028 1628 1092 popina

121 1097 389 1146 Incutiunt
414 1097 552 1145 urbis
576 1097 904 1156 desiderium,
932 1097 1098 1155 vide0‚
1125 1101 1178 1145 et
1203 1097 1339 1161 quod

122 1165 365 1228 Angulus
389 1165 488 1213 iste
514 1165 642 1213 feret
664 1165 809 1229 piper
832 1169 885 1212 et
908 1169 994 1213 tus
1020 1165 1162 1213 ocius
1185 1180 1302 1224 uva,

121 1231 232 1281 Nec
257 1232 429 1281 vicina
453 1233 632 1280 subest
659 1233 834 1280 vinum
860 1233 1104 1295 praebere
1130 1233 1344 1281 taberna

123 1300 268 1363 Quae
292 1300 460 1364 possit
483 1300 593 1358 tibi,
619 1315 712 1348 nec
737 1300 975 1348 meretrix
999 1301 1225 1360 tibicina,
1253 1302 1397 1363 cujus
1637 1296 1699 1343 25

120 1368 209 1416 Ad
235 1368 506 1432 strepitum
533 1368 692 1416 salias
715 1373 881 1416 terrae
908 1369 1113 1431 gravis:
1150 1375 1203 1417 et
1226 1373 1401 1416 tamen
1427 1381 1582 1429 urges

119 1435 443 1499 «Iampridem
471 1451 573 1483 non
598 1440 740 1484 tacta
764 1436 1025 1498 ligonibus
1051 1451 1191 1494 arva,
1217 1436 1502 1498 bovemque

121 1503 446 1566 Disjunctum
474 1517 623 1551 curas
648 1508 701 1551 et
724 1503 919 1551 strictis
945 1504 1211 1552 frondibus
1237 1503 1410 1568 exples
1434 1521 1446 1566 ;

121 1570 288 1619 Addit
311 1585 439 1634 opus
463 1571 611 1634 pigro
637 1571 794 1630 rivus,
822 1570 865 1618 si
891 1571 1082 1619 decidit
1105 1572 1280 1630 imber,

120 1637 291 1686 Multa
314 1638 446 1687 mole
472 1638 731 1687 docendus
757 1638 928 1703 aprico
954 1654 1159 1703 parcere
1184 1644 1348 1703 prato,
1635 1634 1698 1681 30

187 1772 339 1821 Nunc
363 1788 475 1837 age,
501 1773 625 1837 quid
649 1779 881 1822 nostrum
905 1779 1210 1823 concentum
1235 1775 1449 1833 dividat,
1478 1772 1614 1823 audi.

122 1840 288 1903 Quem
314 1845 496 1889 tenues
521 1842 735 1889 decuere
760 1847 912 1904 togae
939 1843 1186 1906 nitidique
1213 1842 1394 1907 capilli,

122 1908 286 1970 Quem
312 1909 415 1956 scis
437 1909 714 1956 immunem
743 1909 960 1958 Cinarae
984 1911 1238 1974 placuisse
1265 1910 1453 1972 rapaci,

122 1975 284 2037 Quem
310 1976 539 2024 bibulum
565 1976 745 2040 liquidi
772 1977 940 2025 media
965 1978 1027 2026 de
1053 1978 1162 2026 luce
1191 1978 1412 2036 Falerni,

122 2042 265 2092 Cena
289 2044 462 2092 brevis
478 2045 632 2106 Juvat
657 2050 710 2092 et
732 2060 889 2108 prope
914 2046 1080 2093 rivum
1106 2061 1317 2094 somnus
1341 2046 1395 2093 in
1420 2044 1608 2107 herba3
1633 2040 1696 2087 35

120 2109 230 2158 Nec
254 2110 438 2159 lusisse
464 2112 636 2174 pudet,
665 2112 754 2159 sed
779 2128 881 2160 non
907 2113 1128 2161 incidere
1153 2114 1346 2162 ludum.

119 2176 239 2226 Non
264 2178 381 2227 istic
405 2179 612 2242 obliquo
638 2180 783 2228 oculo
810 2195 924 2228 mea
947 2182 1216 2229 commoda
1239 2181 1512 2244 quisquam

121 2244 311 2305 Limat,
339 2262 440 2294 non
467 2247 585 2295 odio
611 2247 826 2295 obscuro
851 2263 1126 2312 morsuque
1153 2254 1406 2311 venenat3

120 2311 315 2362 Rident
339 2315 492 2363 vicini
520 2314 698 2377 glebas
723 2320 776 2362 et
801 2330 927 2363 saxa
952 2322 1257 2366 moventem.

121 2378 251 2428 Cum
279 2382 441 2430 servis
467 2382 664 2430 urbana
689 2383 854 2431 diaria
879 2385 1055 2432 rodere
1080 2385 1277 2446 mavis;
1633 2378 1692 2423 40

120 2444 322 2495 Horum
349 2454 405 2496 tu
433 2450 485 2496 in
511 2464 779 2497 numerum
807 2455 928 2498 voto
953 2452 1089 2500 ruis:
1130 2453 1327 2500 invidet
1352 2466 1503 2499 usum

120 2512 406 2577 Lignorum
433 2522 485 2564 et
508 2517 707 2578 pecoris
731 2517 826 2565 tibi
853 2519 963 2566 calo
990 2524 1205 2581 argutus
1229 2525 1282 2567 et
1308 2519 1455 2566 horti.

122 2579 284 2644 Optat
307 2583 551 2647 ephippia
576 2584 668 2631 bos
693 2584 850 2646 piger,
879 2590 1023 2649 optat
1050 2602 1191 2634 arare
1216 2587 1461 2634 caballus.

121 2647 290 2709 Quam
318 2650 416 2698 scit
442 2656 670 2715 uterque,
698 2651 876 2714 libenS,
905 2654 1136 2715 censebo,
1166 2659 1400 2702 exerceat
1426 2658 1600 2701 artem.

170 2788 216 2825 11
237 2801 299 2827 res
393 2791 440 2827 19
460 2802 541 2841 qua
634 2793 680 2830 19
702 2795 811 2831 tesca
898 2794 947 2832 21
968 2806 1089 2833 vocas
1178 2796 1228 2833 23
1247 2797 1341 2835 thus
1421 2795 1470 2831 40
1489 2794 1646 2832 cibaria

295 2862 402 2906 Hor.
429 2864 481 2905 14
