1846 3034
132 198 135 201 Ι
167 129 274 182 200
582 141 822 182 HonAm
864 142 1314 184 EmsrvnARvu

168 273 342 321 Tertia
366 274 651 331 succedant,
678 279 730 321 et
755 290 885 336 quae
909 290 1027 337 pars
1053 275 1267 336 quadret
1293 290 1544 325 acervum.
1661 273 1722 318 35

171 341 373 389 Scilicet
398 355 602 386 uxorem
629 356 741 387 cum
766 342 883 387 dote
910 341 1155 403 fidemque
1180 347 1232 388 et
1257 342 1449 389 amicos

167 408 237 455 Et
262 422 423 469 genus
448 412 499 453 et
524 407 735 454 formam
762 408 939 468 regina
965 408 1188 455 Pecunia
1213 409 1383 468 donat,

167 475 247 523 Ac
273 475 395 521 bene
420 479 738 520 nummatum
765 474 969 521 decorat
996 473 1215 521 Suadela
1239 475 1529 538 Venusque.

167 540 444 603 Mancipiis
468 540 692 602 locuples
717 546 835 601 eget
860 541 989 588 aeris
1018 541 1376 603 Cappadocum
1402 557 1513 591 rex:

166 607 246 655 Ne
272 608 425 654 fueris
450 607 530 654 hic
556 613 625 654 tu.
704 607 1019 670 Ohlamydes
1047 607 1304 667 Lucullus,
1331 613 1388 656 ut
1413 610 1573 668 aiunt,
1666 606 1730 654 40

169 674 221 722 Si
249 679 424 736 posset
449 679 651 722 centum
679 689 889 721 scaenae
914 674 1151 736 praebere
1177 681 1404 736 rogatus,

168 746 196 766 “
216 742 314 803 Qui
331 756 541 804 possum
577 739 693 789 tot?
714 742 740 767 '²
778 741 881 801 ait;
920 745 946 765 “
963 745 1136 788 tamen
1161 746 1212 789 et
1238 757 1491 805 quaeram,
1519 748 1570 790 et
1605 749 1728 806 quot

367 808 565 855 habebo

167 875 404 923 Mittam:
425 877 452 902 ''
487 878 604 937 post
627 874 780 937 paulo
807 874 996 933 scribit,
1026 874 1123 922 sibi
1149 874 1290 922 milia
1314 877 1536 944 quinque

167 942 297 989 Esse
323 942 459 989 domi
487 941 829 1005 chlamydum,
858 947 1053 1003 partem
1081 941 1161 989 vel
1187 941 1388 991 tolleret
1413 958 1600 991 omneS.

167 1009 334 1057 Exilis
359 1010 540 1056 domus
564 1013 642 1054 est
669 1008 753 1054 ubi
782 1024 882 1054 non
909 1013 960 1055 et
986 1009 1148 1055 multa
1175 1015 1449 1070 supersunt
1671 1001 1735 1049 45

168 1076 239 1123 Et
262 1076 523 1123 dominum
550 1075 732 1122 fallunt
756 1080 808 1122 et
832 1080 1051 1137 prosunt
1072 1075 1279 1123 furibus.
1352 1075 1508 1140 Ergo,

171 1142 226 1191 Si
250 1158 331 1190 res
357 1143 464 1190 sola
487 1147 657 1205 potest
685 1142 846 1188 facere
873 1148 925 1189 et
950 1157 1150 1189 servare
1176 1142 1393 1202 beatum,

170 1210 287 1257 Hoc
309 1210 505 1272 primus
528 1214 728 1271 repetas
752 1224 895 1271 opus,
925 1208 1018 1256 hoc
1043 1214 1335 1271 postremus
1359 1211 1582 1259 omittas».

171 1276 225 1325 Si
251 1277 564 1324 fortunatum
590 1275 784 1338 species
810 1282 860 1322 et
887 1275 1055 1337 gratia
1078 1281 1320 1339 praestat,

169 1343 456 1391 Mercemur
481 1357 683 1390 servum
710 1343 795 1404 qui
822 1342 978 1390 dictet
1002 1343 1218 1402 nomina,
1244 1343 1447 1391 laevum
1671 1336 1736 1383 50

173 1411 272 1472 Qui
298 1410 484 1457 fodicet
508 1410 643 1457 latus
667 1413 718 1456 et
743 1414 895 1471 cogat
919 1413 1062 1456 trans
1085 1410 1309 1472 pondera
1334 1410 1564 1458 dextram

171 1477 452 1539 Porrigere.
529 1480 556 1501 “
576 1475 678 1523 Hie
703 1476 918 1523 multum
944 1476 996 1523 in
1023 1475 1184 1523 Fabia
1209 1476 1358 1534 valet,
1385 1477 1468 1524 ille
1494 1477 1679 1525 Velina
1700 1495 1714 1538 3

175 1543 271 1592 Oui
295 1544 418 1591 libet
444 1543 526 1590 hic
550 1543 713 1590 fasces
741 1543 896 1600 dabit,
926 1543 1200 1605 eripietque
1225 1543 1396 1591 curule

174 1610 270 1658 Cui
295 1611 431 1658 volet
455 1610 773 1672 importunus
799 1610 972 1657 ebur.'’
1040 1610 1244 1667 Frater,
1272 1611 1445 1670 Pater,
1473 1611 1633 1673 adde;

173 1677 249 1725 Ut
273 1677 452 1740 cuique
476 1682 554 1724 est
581 1681 738 1734 aetas
766 1676 841 1723 ita
867 1691 1115 1739 quemque
1141 1676 1335 1724 facetus
1362 1677 1562 1740 adopta.
1673 1666 1736 1713 55

176 1743 233 1792 Si
257 1744 382 1791 bene
407 1744 494 1807 qui
521 1748 667 1790 cenat
691 1743 817 1790 bene
846 1743 999 1790 vivit:
1037 1743 1184 1802 lucet,
1211 1758 1388 1790 eamus

176 1812 291 1872 Quo
315 1811 455 1858 ducit
480 1811 629 1872 gula;
664 1810 933 1872 piscemur‚
964 1825 1218 1868 venemur,
1245 1815 1303 1857 ut
1328 1811 1448 1858 olim

180 1878 456 1940 Gargilius,
484 1877 570 1939 qui
596 1892 743 1923 mane
770 1877 962 1940 plagas,
991 1877 1257 1935 venabula,
1285 1891 1461 1924 servos

174 1944 442 1992 Differtum
468 1945 685 1991 transire
712 1943 876 1990 forum
901 1943 1242 2006 popul-umque
1259 1944 1483 2004 jubebat,

175 2010 327 2058 Unus
353 2016 409 2057 ut
433 2027 460 2058 e
484 2011 662 2057 multis
687 2010 876 2073 populo
903 2015 1164 2071 spectante
1189 2010 1395 2059 referret
1676 2000 1738 2045 60

174 2077 419 2140 Emptum
445 2078 612 2124 mulus
639 2092 830 2139 aprum.
908 2076 1063 2124 Crudi
1089 2077 1372 2139 tumidique
1396 2077 1641 2137 lavemur,

178 2145 313 2206 Quid
339 2145 525 2201 deceat,
554 2144 676 2206 quid
703 2159 816 2201 non,
846 2143 1004 2200 obliti,
1034 2143 1236 2191 Caerite
1261 2158 1375 2191 cera

176 2211 347 2275 Digni,
374 2211 640 2272 remigium
667 2210 908 2258 vitiosum
934 2210 1220 2257 Ithacensis
1246 2209 1431 2269 Ulixei,

178 2277 274 2326 Oui
297 2278 462 2341 potior
485 2278 648 2339 patria
671 2277 768 2324 fuit
793 2277 1061 2324 interdicta
1086 2276 1335 2339 voluptas.

180 2344 251 2402 Si,
278 2344 615 2392 Mimnermus
640 2344 716 2390 uti
742 2348 928 2401 censet,
956 2343 1064 2390 sine
1091 2358 1260 2390 amore
1277 2343 1504 2406 jocisque
1676 2331 1735 2378 65

175 2410 265 2459 Nil
290 2415 369 2458 est
384 2411 681 2472 Jucundum‚
708 2409 854 2456 vivas
879 2410 931 2456 in
958 2425 1128 2456 amore
1146 2410 1388 2472 jocisque.

176 2477 326 2534 Vive,
354 2475 495 2526 valel
570 2476 623 2524 Si
649 2476 769 2539 quid
795 2476 986 2522 novisti
1011 2476 1198 2523 rectius
1221 2476 1351 2535 istis,

179 2543 441 2592 Candidus
465 2544 697 2607 imperti3
735 2542 779 2589 si
805 2557 919 2600 non,
947 2542 1026 2589 his
1051 2547 1190 2590 utere
1215 2557 1427 2590 mecum.

233 2669 280 2705 35
299 2668 472 2718 quadrat
573 2667 620 2703 41
642 2678 781 2703 scenae
885 2666 930 2702 50
951 2666 992 2701 in
1001 2666 1086 2713 fine
1104 2677 1279 2711 saevum,
1300 2677 1457 2702 servum
1476 2665 1526 2702 R.
1547 2679 1566 2701 e
1584 2666 1683 2704 com'.

330 2719 376 2766 51
395 2718 532 2771 fodiet,
551 2718 678 2768 fodiat
781 2717 827 2766 53
846 2716 880 2752 is
899 2716 1028 2752 fasces
1133 2716 1179 2754 57
1199 2717 1316 2753 ducet
1419 2717 1465 2752 68
1485 2717 1519 2752 si
1532 2716 1592 2752 nil
