1878 3054
243 156 312 210 28

706 170 946 210 HORA'PI
991 169 1336 210 CARMINVM

572 302 705 362 Non,
744 303 787 351 si
818 304 901 350 me
939 303 1066 350 satis
1103 302 1297 361 audias,

446 369 628 433 Speres
652 376 978 432 perpetuum
975 369 1143 416 dulcia
1167 341 1380 416 barb'are

578 437 894 484 Laedentem
920 437 1106 494 oscula,
1133 451 1260 498 quae
1286 436 1466 483 Venus

442 504 633 565 Quinta
658 495 800 565 parte
827 503 906 550 sui
930 503 1149 550 nectaris
1176 502 1372 550 imbuit.

575 570 768 622 Felices
803 575 881 616 ter
916 574 968 616 et
1004 570 1239 631 amplius,

446 638 589 698 Quos
615 636 809 698 irrupta
833 641 973 684 tenet
998 636 1190 698 copula,
1218 651 1309 683 neo
1333 636 1483 683 malis

575 703 818 750 Divolsus
855 703 1185 765 querimoniis

446 770 694 833 Suprema
719 770 867 816 eitius
893 770 1059 817 solvet
1085 784 1224 817 amor
1248 767 1356 817 die!

947 958 1097 1006 XIV.

440 1057 484 1105 O
512 1058 672 1116 navis,
699 1059 918 1106 referent
941 1059 991 1106 in
1018 1061 1154 1106 mare
1180 1063 1231 1105 te
1258 1058 1377 1106 novi

438 1124 678 1172 Fluctusl
752 1125 793 1172 O
822 1126 943 1187 quid
971 1125 1120 1187 agis?
1194 1125 1420 1172 Fortiter
1445 1140 1636 1188 occupa

571 1191 813 1240 Portuml
886 1192 1069 1239 Nonne
1098 1193 1240 1239 vides
1267 1196 1323 1238 ut

637 1257 844 1305 Nudum
871 1259 1086 1321 remigio
1112 1260 1260 1318 latus,

437 1325 507 1372 Et
532 1325 696 1371 malus
723 1325 868 1371 celeri
897 1326 1102 1385 saueius
1128 1326 1302 1373 Africo

436 1391 809 1454 Antennaeque
836 1399 1058 1454 gemant,
1089 1408 1145 1440 ae
1171 1393 1279 1440 sine
1305 1392 1513 1439 funibus

385 1461 389 1463 ’
569 1458 676 1505 Vix
711 1459 889 1507 durare
926 1460 1127 1507 carinae

636 1525 847 1573 Possint
885 1526 1205 1588 imperiosius

435 1591 681 1656 Aequor?
753 1592 873 1640 Non
898 1593 992 1640 tibi
1018 1599 1138 1641 sunt
1160 1594 1460 1819 ww?
1330 1593 1505 1640 alinte
1515 1616 1759 1707 ownia

435 1658 555 1706 Non
579 1658 644 1715 di,
673 1674 800 1720 quos
826 1659 1010 1707 iterum
1033 1675 1213 1725 pressa
1303 1674 1460 1707 oesm

570 1725 816 1785 Quamvis
855 1726 1071 1774 Pontica
1103 1727 1317 1790 pinus

636 1791 806 1840 Silvae
844 1793 946 1840 filia
980 1788 1177 1853 nobilis,
1423 1848 1434 1859 ⁴

433 1858 471 1904 J
475 1862 611 1905 actes
636 1863 688 1905 et
712 1875 872 1920 genus
898 1865 950 1908 et
973 1875 1157 1908 nomen
1182 1861 1375 1919 inutile,

432 1923 521 1970 Nil
547 1925 697 1985 pictis
722 1927 934 1974 timidus
960 1928 1137 1975 navita
1158 1928 1413 1991 puppibus

524 2005 532 2009 *
565 1991 719 2039 Fidit.
792 1992 885 2051 Tu,
925 1995 1022 2041 nisi
1062 1995 1229 2042 ventis

635 2058 802 2105 Debes
839 2060 1128 2119 ludibrium,
1166 2075 1303 2108 cave.

433 2123 611 2185 Nuper
638 2125 912 2173 sollicitum
938 2142 1066 2189 quae
1091 2126 1216 2174 mihi
1241 2126 1482 2186 taedium,

431 2188 482 2236 N
485 2204 581 2237 unc
606 2191 911 2239 desiderium
937 2208 1157 2256 curaque
1182 2207 1284 2240 non
1307 2192 1452 2252 levis,

566 2257 822 2305 Interfusa
858 2259 1078 2307 nitentes
1590 2314 1598 2320 .

633 2323 782 2371 Vites
819 2341 1040 2388 aequora
1078 2325 1344 2388 Cycladas.
1476 2319 1595 2382 ἢ”“”

1456 2388 1484 2397 x
1495 2384 1497 2389 s

292 2473 301 2487 ‘
344 2483 383 2564 ἃ
604 2491 609 2495 ’
652 2510 686 2551 ³
950 2511 1070 2560 xv,

245 2601 253 2617 ζ
291 2556 357 2600 „—
519 2535 664 2602 w

433 2612 620 2662 Pastor
644 2630 757 2663 cum
784 2615 1007 2664 traheret
1030 2632 1119 2680 per
1143 2581 1271 2664 freta
1296 2617 1511 2665 navibus

434 2681 604 2728 Idaeis
632 2682 863 2729 Helenen
888 2684 1107 2746 perfidus
1134 2684 1403 2746 hospitam,

295 2806 341 2844 19
361 2807 556 2853 divulsus,
576 2807 753 2844 divolsos
787 2808 850 2854 B„
870 2810 1043 2851 Murem«
1146 2813 1166 2848 1
1187 2813 1366 2849 referunt
1468 2812 1491 2850 6
1509 2816 1644 2851 antem

296 2858 318 2893 6
336 2861 502 2905 gemunt
604 2858 625 2894 8
645 2863 815 2907 possunt
941 2862 987 2897 13
1007 2873 1174 2898 nomen:
1203 2863 1368 2900 inutile!
1473 2863 1592 2901 Tm

1741 438 1811 510 15Δ

1734 769 1795 815 20

1771 1608 1867 1633 bNfl-—t

1726 2324 1787 2373 20

1210 2924 1429 2980 1,·).·¹'=
1545 2928 1701 2975 l?
