<?xml version="1.0" encoding="UTF-8"?>
<!DOCTYPE html PUBLIC "-//W3C//DTD XHTML 1.0 Transitional//EN"
    "http://www.w3.org/TR/xhtml1/DTD/xhtml1-transitional.dtd">
<html xmlns="http://www.w3.org/1999/xhtml" xml:lang="en" lang="en">
 <head>
  <title>
</title>
<meta http-equiv="Content-Type" content="text/html;charset=utf-8" />
  <meta name='ocr-system' content='tesseract 3.04.00' />
  <meta name='ocr-capabilities' content='ocr_page ocr_carea ocr_par ocr_line ocrx_word'/>
</head>
<body>
  <div class='ocr_page' id='page_1' title='image "./workschase00horauoft_0210.png"; bbox 0 0 1846 3034; ppageno 0'>
   <div class='ocr_carea' id='block_1_1' title="bbox 174 133 1345 186">
    <p class='ocr_par' dir='ltr' id='par_1_1' title="bbox 174 133 1345 186">
     <span class='ocr_line' id='line_1_1' title="bbox 174 133 1345 186; baseline 0.003 -6"><span class='ocrx_word' id='word_1_1' title='bbox 174 176 178 180; x_wconf 87' lang='lat'><em>.</em></span> <span class='ocrx_word' id='word_1_2' title='bbox 200 133 308 186; x_wconf 87' lang='grc'>206</span> <span class='ocrx_word' id='word_1_3' title='bbox 613 143 855 183; x_wconf 71' lang='grc' dir='ltr'><strong>ΗΟΒΑΤΙ</strong></span> <span class='ocrx_word' id='word_1_4' title='bbox 896 144 1345 186; x_wconf 73' lang='lat' dir='ltr'>EPISTVLABVM</span> 
     </span>
    </p>
   </div>
   <div class='ocr_carea' id='block_1_2' title="bbox 199 276 1748 540">
    <p class='ocr_par' dir='ltr' id='par_1_2' title="bbox 201 276 1748 408">
     <span class='ocr_line' id='line_1_2' title="bbox 201 276 1748 341; baseline 0.002 -16"><span class='ocrx_word' id='word_1_5' title='bbox 201 276 463 326; x_wconf 78' lang='lat' dir='ltr'>Libertate</span> <span class='ocrx_word' id='word_1_6' title='bbox 488 282 639 336; x_wconf 88' lang='lat' dir='ltr'>caret,</span> <span class='ocrx_word' id='word_1_7' title='bbox 667 278 928 326; x_wconf 89' lang='lat' dir='ltr'>dominum</span> <span class='ocrx_word' id='word_1_8' title='bbox 954 277 1096 326; x_wconf 87' lang='lat' dir='ltr'>vehit</span> <span class='ocrx_word' id='word_1_9' title='bbox 1121 277 1382 341; x_wconf 87' lang='lat' dir='ltr'>improbus</span> <span class='ocrx_word' id='word_1_10' title='bbox 1408 282 1559 341; x_wconf 85' lang='lat' dir='ltr'>atque</span> <span class='ocrx_word' id='word_1_11' title='bbox 1685 280 1748 328; x_wconf 81' lang='lat'>40</span> 
     </span>
     <span class='ocr_line' id='line_1_3' title="bbox 202 344 1362 408; baseline 0.001 -16"><span class='ocrx_word' id='word_1_12' title='bbox 202 344 401 393; x_wconf 85' lang='lat' dir='ltr'>Serviet</span> <span class='ocrx_word' id='word_1_13' title='bbox 426 351 699 403; x_wconf 88' lang='lat' dir='ltr'>aeternum,</span> <span class='ocrx_word' id='word_1_14' title='bbox 728 346 849 408; x_wconf 92' lang='lat' dir='ltr'>quia</span> <span class='ocrx_word' id='word_1_15' title='bbox 872 360 1032 408; x_wconf 90' lang='lat' dir='ltr'>parvo</span> <span class='ocrx_word' id='word_1_16' title='bbox 1057 346 1249 392; x_wconf 81' lang='lat' dir='ltr'>nesciet</span> <span class='ocrx_word' id='word_1_17' title='bbox 1271 344 1362 393; x_wconf 87' lang='lat' dir='ltr'>uti.</span> 
     </span>
    </p>

    <p class='ocr_par' dir='ltr' id='par_1_3' title="bbox 201 411 1424 470">
     <span class='ocr_line' id='line_1_4' title="bbox 201 411 1424 470; baseline -0.001 -11"><span class='ocrx_word' id='word_1_18' title='bbox 201 412 298 460; x_wconf 88' lang='lat' dir='ltr'>Cui</span> <span class='ocrx_word' id='word_1_19' title='bbox 324 427 425 459; x_wconf 90' lang='lat' dir='ltr'>non</span> <span class='ocrx_word' id='word_1_20' title='bbox 451 412 719 459; x_wconf 90' lang='lat' dir='ltr'>conveniet</span> <span class='ocrx_word' id='word_1_21' title='bbox 745 427 838 458; x_wconf 90' lang='lat' dir='ltr'>sua</span> <span class='ocrx_word' id='word_1_22' title='bbox 862 427 956 469; x_wconf 90' lang='lat' dir='ltr'>res,</span> <span class='ocrx_word' id='word_1_23' title='bbox 984 417 1041 459; x_wconf 86' lang='lat' dir='ltr'>ut</span> <span class='ocrx_word' id='word_1_24' title='bbox 1066 412 1264 459; x_wconf 89' lang='lat' dir='ltr'>calceus</span> <span class='ocrx_word' id='word_1_25' title='bbox 1290 411 1424 470; x_wconf 93' lang='lat' dir='ltr'>olim,</span> 
     </span>
    </p>

    <p class='ocr_par' dir='ltr' id='par_1_4' title="bbox 199 477 1458 540">
     <span class='ocr_line' id='line_1_5' title="bbox 199 477 1458 540; baseline 0.001 -15"><span class='ocrx_word' id='word_1_26' title='bbox 199 477 255 525; x_wconf 82' lang='lat' dir='ltr'>si</span> <span class='ocrx_word' id='word_1_27' title='bbox 278 479 405 540; x_wconf 90' lang='lat' dir='ltr'>pede</span> <span class='ocrx_word' id='word_1_28' title='bbox 430 480 591 540; x_wconf 87' lang='lat' dir='ltr'>major</span> <span class='ocrx_word' id='word_1_29' title='bbox 615 478 723 537; x_wconf 88' lang='lat' dir='ltr'>erit,</span> <span class='ocrx_word' id='word_1_30' title='bbox 751 479 1028 537; x_wconf 87' lang='lat' dir='ltr'>subvertet,</span> <span class='ocrx_word' id='word_1_31' title='bbox 1057 478 1101 525; x_wconf 92' lang='lat' dir='ltr'>si</span> <span class='ocrx_word' id='word_1_32' title='bbox 1125 479 1304 538; x_wconf 90' lang='lat' dir='ltr'>minor,</span> <span class='ocrx_word' id='word_1_33' title='bbox 1331 481 1458 526; x_wconf 78' lang='lat' dir='ltr'>uret.</span> 
     </span>
    </p>
   </div>
   <div class='ocr_carea' id='block_1_3' title="bbox 196 610 1749 1075">
    <p class='ocr_par' dir='ltr' id='par_1_5' title="bbox 196 610 1748 942">
     <span class='ocr_line' id='line_1_6' title="bbox 265 610 1408 676; baseline -0.001 -17"><span class='ocrx_word' id='word_1_34' title='bbox 265 612 459 660; x_wconf 92' lang='lat' dir='ltr'>Laetus</span> <span class='ocrx_word' id='word_1_35' title='bbox 485 617 620 660; x_wconf 84' lang='lat' dir='ltr'>sorte</span> <span class='ocrx_word' id='word_1_36' title='bbox 647 617 738 660; x_wconf 89' lang='lat' dir='ltr'>tua</span> <span class='ocrx_word' id='word_1_37' title='bbox 761 614 906 660; x_wconf 92' lang='lat' dir='ltr'>vives</span> <span class='ocrx_word' id='word_1_38' title='bbox 931 612 1199 676; x_wconf 83' lang='lat' dir='ltr'>sapienter,</span> <span class='ocrx_word' id='word_1_39' title='bbox 1227 610 1408 670; x_wconf 79' lang='lat' dir='ltr'>Aristi,</span> 
     </span>
     <span class='ocr_line' id='line_1_7' title="bbox 196 678 1748 742; baseline 0.001 -15"><span class='ocrx_word' id='word_1_40' title='bbox 196 678 246 727; x_wconf 88' lang='lat' dir='ltr'>N</span> <span class='ocrx_word' id='word_1_41' title='bbox 249 695 305 726; x_wconf 91' lang='lat' dir='ltr'>ec</span> <span class='ocrx_word' id='word_1_42' title='bbox 328 694 407 726; x_wconf 88' lang='lat' dir='ltr'>me</span> <span class='ocrx_word' id='word_1_43' title='bbox 434 680 662 726; x_wconf 85' lang='lat' dir='ltr'>dimittes</span> <span class='ocrx_word' id='word_1_44' title='bbox 687 680 1068 742; x_wconf 87' lang='lat' dir='ltr'>incastigatum,</span> <span class='ocrx_word' id='word_1_45' title='bbox 1097 679 1184 726; x_wconf 93' lang='lat' dir='ltr'>ubi</span> <span class='ocrx_word' id='word_1_46' title='bbox 1209 679 1355 742; x_wconf 89' lang='lat' dir='ltr'>plura</span> <span class='ocrx_word' id='word_1_47' title='bbox 1686 681 1748 728; x_wconf 85' lang='lat'>45</span> 
     </span>
     <span class='ocr_line' id='line_1_8' title="bbox 199 745 1514 808; baseline -0.001 -15"><span class='ocrx_word' id='word_1_48' title='bbox 199 746 392 808; x_wconf 86' lang='lat' dir='ltr'>Cogere</span> <span class='ocrx_word' id='word_1_49' title='bbox 419 761 570 808; x_wconf 90' lang='lat' dir='ltr'>quam</span> <span class='ocrx_word' id='word_1_50' title='bbox 597 747 724 793; x_wconf 89' lang='lat' dir='ltr'>satis</span> <span class='ocrx_word' id='word_1_51' title='bbox 749 752 827 793; x_wconf 90' lang='lat' dir='ltr'>est</span> <span class='ocrx_word' id='word_1_52' title='bbox 854 763 911 794; x_wconf 91' lang='lat' dir='ltr'>ac</span> <span class='ocrx_word' id='word_1_53' title='bbox 937 762 1037 793; x_wconf 91' lang='lat' dir='ltr'>non</span> <span class='ocrx_word' id='word_1_54' title='bbox 1065 761 1263 793; x_wconf 87' lang='lat' dir='ltr'>cessare</span> <span class='ocrx_word' id='word_1_55' title='bbox 1288 745 1514 793; x_wconf 89' lang='lat' dir='ltr'>videbor.</span> 
     </span>
     <span class='ocr_line' id='line_1_9' title="bbox 196 812 1421 875; baseline -0.001 -15"><span class='ocrx_word' id='word_1_56' title='bbox 196 813 424 874; x_wconf 88' lang='lat' dir='ltr'>Imperat</span> <span class='ocrx_word' id='word_1_57' title='bbox 451 817 540 859; x_wconf 88' lang='lat' dir='ltr'>aut</span> <span class='ocrx_word' id='word_1_58' title='bbox 566 814 725 860; x_wconf 90' lang='lat' dir='ltr'>servit</span> <span class='ocrx_word' id='word_1_59' title='bbox 749 814 960 860; x_wconf 87' lang='lat' dir='ltr'>collecta</span> <span class='ocrx_word' id='word_1_60' title='bbox 983 812 1202 875; x_wconf 88' lang='lat' dir='ltr'>pecunia</span> <span class='ocrx_word' id='word_1_61' title='bbox 1226 813 1421 875; x_wconf 91' lang='lat' dir='ltr'>cuique,</span> 
     </span>
     <span class='ocr_line' id='line_1_10' title="bbox 197 879 1556 942; baseline 0.001 -17"><span class='ocrx_word' id='word_1_62' title='bbox 197 879 409 925; x_wconf 76' lang='lat' dir='ltr'>&#39;Portum</span> <span class='ocrx_word' id='word_1_63' title='bbox 436 879 592 941; x_wconf 88' lang='lat' dir='ltr'>digna</span> <span class='ocrx_word' id='word_1_64' title='bbox 618 879 761 941; x_wconf 89' lang='lat' dir='ltr'>sequi</span> <span class='ocrx_word' id='word_1_65' title='bbox 786 881 960 942; x_wconf 91' lang='lat' dir='ltr'>potius</span> <span class='ocrx_word' id='word_1_66' title='bbox 986 894 1139 941; x_wconf 89' lang='lat' dir='ltr'>quam</span> <span class='ocrx_word' id='word_1_67' title='bbox 1163 880 1345 927; x_wconf 90' lang='lat' dir='ltr'>ducere</span> <span class='ocrx_word' id='word_1_68' title='bbox 1371 880 1556 926; x_wconf 85' lang='lat' dir='ltr'>funem.</span> 
     </span>
    </p>

    <p class='ocr_par' dir='ltr' id='par_1_6' title="bbox 196 945 1749 1075">
     <span class='ocr_line' id='line_1_11' title="bbox 265 945 1619 1009; baseline 0.001 -18"><span class='ocrx_word' id='word_1_69' title='bbox 265 945 407 993; x_wconf 90' lang='lat' dir='ltr'>Haec</span> <span class='ocrx_word' id='word_1_70' title='bbox 432 946 527 992; x_wconf 85' lang='lat' dir='ltr'>tibi</span> <span class='ocrx_word' id='word_1_71' title='bbox 552 947 809 993; x_wconf 82' lang='lat' dir='ltr'>dictabam</span> <span class='ocrx_word' id='word_1_72' title='bbox 835 951 954 1008; x_wconf 90' lang='lat' dir='ltr'>post</span> <span class='ocrx_word' id='word_1_73' title='bbox 979 947 1155 993; x_wconf 85' lang='lat' dir='ltr'>fanum</span> <span class='ocrx_word' id='word_1_74' title='bbox 1178 952 1327 1009; x_wconf 91' lang='lat' dir='ltr'>putre</span> <span class='ocrx_word' id='word_1_75' title='bbox 1353 946 1619 1005; x_wconf 85' lang='lat' dir='ltr'>Vacunae,</span> 
     </span>
     <span class='ocr_line' id='line_1_12' title="bbox 196 1012 1749 1075; baseline 0.002 -16"><span class='ocrx_word' id='word_1_76' title='bbox 196 1012 423 1075; x_wconf 88' lang='lat' dir='ltr'>Excepto</span> <span class='ocrx_word' id='word_1_77' title='bbox 449 1013 584 1075; x_wconf 89' lang='lat' dir='ltr'>quod</span> <span class='ocrx_word' id='word_1_78' title='bbox 609 1028 710 1060; x_wconf 92' lang='lat' dir='ltr'>non</span> <span class='ocrx_word' id='word_1_79' title='bbox 735 1013 886 1061; x_wconf 91' lang='lat' dir='ltr'>simul</span> <span class='ocrx_word' id='word_1_80' title='bbox 911 1027 1070 1071; x_wconf 89' lang='lat' dir='ltr'>esses,</span> <span class='ocrx_word' id='word_1_81' title='bbox 1099 1019 1267 1061; x_wconf 88' lang='lat' dir='ltr'>cetera</span> <span class='ocrx_word' id='word_1_82' title='bbox 1289 1013 1470 1060; x_wconf 81' lang='lat' dir='ltr'>laetuS.</span> <span class='ocrx_word' id='word_1_83' title='bbox 1687 1015 1749 1062; x_wconf 89' lang='lat'>50</span> 
     </span>
    </p>
   </div>
   <div class='ocr_carea' id='block_1_4' title="bbox 927 1189 1024 1239">
    <p class='ocr_par' dir='ltr' id='par_1_7' title="bbox 927 1189 1024 1239">
     <span class='ocr_line' id='line_1_13' title="bbox 927 1189 1024 1239; baseline 0.021 -2"><span class='ocrx_word' id='word_1_84' title='bbox 927 1189 1024 1239; x_wconf 91' lang='lat' dir='ltr'>XI.</span> 
     </span>
    </p>
   </div>
   <div class='ocr_carea' id='block_1_5' title="bbox 195 1288 1749 2746">
    <p class='ocr_par' dir='ltr' id='par_1_8' title="bbox 198 1288 1505 1354">
     <span class='ocr_line' id='line_1_14' title="bbox 198 1288 1505 1354; baseline 0 -18"><span class='ocrx_word' id='word_1_85' title='bbox 198 1288 332 1350; x_wconf 83' lang='lat' dir='ltr'>Quid</span> <span class='ocrx_word' id='word_1_86' title='bbox 356 1289 451 1337; x_wconf 89' lang='lat' dir='ltr'>tibi</span> <span class='ocrx_word' id='word_1_87' title='bbox 475 1289 589 1337; x_wconf 90' lang='lat' dir='ltr'>visa</span> <span class='ocrx_word' id='word_1_88' title='bbox 615 1288 786 1349; x_wconf 87' lang='lat' dir='ltr'>Chios,</span> <span class='ocrx_word' id='word_1_89' title='bbox 815 1289 1023 1350; x_wconf 86' lang='lat' dir='ltr'>Bullati‚</span> <span class='ocrx_word' id='word_1_90' title='bbox 1050 1294 1269 1354; x_wconf 89' lang='lat' dir='ltr'>notaque</span> <span class='ocrx_word' id='word_1_91' title='bbox 1295 1289 1505 1348; x_wconf 79' lang='lat' dir='ltr'>LesboS,</span> 
     </span>
    </p>

    <p class='ocr_par' dir='ltr' id='par_1_9' title="bbox 196 1355 1749 1686">
     <span class='ocr_line' id='line_1_15' title="bbox 199 1355 1570 1420; baseline 0.001 -18"><span class='ocrx_word' id='word_1_92' title='bbox 199 1357 333 1416; x_wconf 82' lang='lat' dir='ltr'>Quid</span> <span class='ocrx_word' id='word_1_93' title='bbox 359 1357 607 1403; x_wconf 88' lang='lat' dir='ltr'>concinna</span> <span class='ocrx_word' id='word_1_94' title='bbox 636 1357 832 1415; x_wconf 89' lang='lat' dir='ltr'>Samos,</span> <span class='ocrx_word' id='word_1_95' title='bbox 860 1358 983 1420; x_wconf 91' lang='lat' dir='ltr'>quid</span> <span class='ocrx_word' id='word_1_96' title='bbox 1012 1357 1187 1406; x_wconf 84' lang='lat' dir='ltr'>Croesi</span> <span class='ocrx_word' id='word_1_97' title='bbox 1212 1357 1354 1419; x_wconf 87' lang='lat' dir='ltr'>regia</span> <span class='ocrx_word' id='word_1_98' title='bbox 1380 1355 1570 1414; x_wconf 78' lang='lat' dir='ltr'>SardiS‚</span> 
     </span>
     <span class='ocr_line' id='line_1_16' title="bbox 196 1419 1720 1486; baseline 0 -17"><span class='ocrx_word' id='word_1_99' title='bbox 196 1422 420 1484; x_wconf 89' lang='lat' dir='ltr'>Zmyrna</span> <span class='ocrx_word' id='word_1_100' title='bbox 445 1423 565 1485; x_wconf 91' lang='lat' dir='ltr'>quid</span> <span class='ocrx_word' id='word_1_101' title='bbox 590 1428 643 1471; x_wconf 85' lang='lat' dir='ltr'>et</span> <span class='ocrx_word' id='word_1_102' title='bbox 669 1422 973 1486; x_wconf 82' lang='lat' dir='ltr'>Colophon?</span> <span class='ocrx_word' id='word_1_103' title='bbox 1051 1426 1242 1485; x_wconf 89' lang='lat' dir='ltr'>majora</span> <span class='ocrx_word' id='word_1_104' title='bbox 1266 1423 1521 1470; x_wconf 87' lang='lat' dir='ltr'>minorave</span> <span class='ocrx_word' id='word_1_105' title='bbox 1547 1419 1720 1469; x_wconf 81' lang='lat' dir='ltr'>fama?</span> 
     </span>
     <span class='ocr_line' id='line_1_17' title="bbox 199 1487 1647 1552; baseline -0.001 -16"><span class='ocrx_word' id='word_1_106' title='bbox 199 1488 459 1536; x_wconf 88' lang='lat' dir='ltr'>Cunctane</span> <span class='ocrx_word' id='word_1_107' title='bbox 485 1505 606 1551; x_wconf 92' lang='lat' dir='ltr'>prae</span> <span class='ocrx_word' id='word_1_108' title='bbox 632 1505 810 1552; x_wconf 90' lang='lat' dir='ltr'>campo</span> <span class='ocrx_word' id='word_1_109' title='bbox 835 1495 887 1537; x_wconf 91' lang='lat' dir='ltr'>et</span> <span class='ocrx_word' id='word_1_110' title='bbox 913 1490 1152 1538; x_wconf 82' lang='lat' dir='ltr'>Tiberino</span> <span class='ocrx_word' id='word_1_111' title='bbox 1178 1489 1382 1537; x_wconf 89' lang='lat' dir='ltr'>flumine</span> <span class='ocrx_word' id='word_1_112' title='bbox 1409 1487 1647 1536; x_wconf 79' lang='lat' dir='ltr'>sordent?</span> 
     </span>
     <span class='ocr_line' id='line_1_18' title="bbox 196 1555 1749 1614; baseline 0.001 -12"><span class='ocrx_word' id='word_1_113' title='bbox 196 1555 284 1602; x_wconf 90' lang='lat' dir='ltr'>Au</span> <span class='ocrx_word' id='word_1_114' title='bbox 310 1556 450 1603; x_wconf 90' lang='lat' dir='ltr'>venit</span> <span class='ocrx_word' id='word_1_115' title='bbox 474 1556 526 1603; x_wconf 92' lang='lat' dir='ltr'>in</span> <span class='ocrx_word' id='word_1_116' title='bbox 552 1562 726 1603; x_wconf 89' lang='lat' dir='ltr'>votum</span> <span class='ocrx_word' id='word_1_117' title='bbox 756 1557 1002 1604; x_wconf 86' lang='lat' dir='ltr'>Attalicis</span> <span class='ocrx_word' id='word_1_118' title='bbox 1027 1572 1091 1604; x_wconf 87' lang='lat' dir='ltr'>ex</span> <span class='ocrx_word' id='word_1_119' title='bbox 1114 1557 1323 1604; x_wconf 86' lang='lat' dir='ltr'>urbibus</span> <span class='ocrx_word' id='word_1_120' title='bbox 1346 1571 1462 1614; x_wconf 89' lang='lat' dir='ltr'>una,</span> <span class='ocrx_word' id='word_1_121' title='bbox 1719 1557 1749 1604; x_wconf 84' lang='lat'>5</span> 
     </span>
     <span class='ocr_line' id='line_1_19' title="bbox 196 1619 1538 1686; baseline 0 -18"><span class='ocrx_word' id='word_1_122' title='bbox 196 1621 284 1668; x_wconf 91' lang='lat' dir='ltr'>An</span> <span class='ocrx_word' id='word_1_123' title='bbox 311 1621 571 1669; x_wconf 91' lang='lat' dir='ltr'>Lebedum</span> <span class='ocrx_word' id='word_1_124' title='bbox 598 1623 778 1670; x_wconf 89' lang='lat' dir='ltr'>laudas</span> <span class='ocrx_word' id='word_1_125' title='bbox 803 1624 918 1671; x_wconf 89' lang='lat' dir='ltr'>odio</span> <span class='ocrx_word' id='word_1_126' title='bbox 945 1624 1100 1670; x_wconf 91' lang='lat' dir='ltr'>maris</span> <span class='ocrx_word' id='word_1_127' title='bbox 1126 1629 1277 1686; x_wconf 88' lang='lat' dir='ltr'>atque</span> <span class='ocrx_word' id='word_1_128' title='bbox 1302 1619 1538 1670; x_wconf 82' lang='lat' dir='ltr'>viarum?</span> 
     </span>
    </p>

    <p class='ocr_par' dir='ltr' id='par_1_10' title="bbox 198 1687 1511 1817">
     <span class='ocr_line' id='line_1_20' title="bbox 201 1687 1511 1752; baseline 0 -16"><span class='ocrx_word' id='word_1_129' title='bbox 201 1687 310 1736; x_wconf 87' lang='lat' dir='ltr'>Scis</span> <span class='ocrx_word' id='word_1_130' title='bbox 338 1689 575 1736; x_wconf 84' lang='lat' dir='ltr'>Lebedus</span> <span class='ocrx_word' id='word_1_131' title='bbox 601 1690 721 1752; x_wconf 92' lang='lat' dir='ltr'>quid</span> <span class='ocrx_word' id='word_1_132' title='bbox 749 1690 843 1751; x_wconf 82' lang='lat' dir='ltr'>sit3</span> <span class='ocrx_word' id='word_1_133' title='bbox 882 1690 1061 1739; x_wconf 86' lang='lat' dir='ltr'>Gabiis</span> <span class='ocrx_word' id='word_1_134' title='bbox 1087 1690 1334 1737; x_wconf 89' lang='lat' dir='ltr'>desertior</span> <span class='ocrx_word' id='word_1_135' title='bbox 1358 1694 1511 1751; x_wconf 89' lang='lat' dir='ltr'>atque</span> 
     </span>
     <span class='ocr_line' id='line_1_21' title="bbox 198 1755 1366 1817; baseline 0 -15"><span class='ocrx_word' id='word_1_136' title='bbox 198 1755 408 1803; x_wconf 84' lang='lat' dir='ltr'>Fidenis</span> <span class='ocrx_word' id='word_1_137' title='bbox 435 1756 608 1817; x_wconf 84' lang='lat' dir='ltr'>vicus3</span> <span class='ocrx_word' id='word_1_138' title='bbox 646 1763 816 1803; x_wconf 90' lang='lat' dir='ltr'>tamen</span> <span class='ocrx_word' id='word_1_139' title='bbox 844 1757 945 1804; x_wconf 89' lang='lat' dir='ltr'>illic</span> <span class='ocrx_word' id='word_1_140' title='bbox 974 1758 1142 1804; x_wconf 88' lang='lat' dir='ltr'>vivere</span> <span class='ocrx_word' id='word_1_141' title='bbox 1168 1757 1366 1815; x_wconf 87' lang='lat' dir='ltr'>vellem,</span> 
     </span>
    </p>

    <p class='ocr_par' dir='ltr' id='par_1_11' title="bbox 199 1820 1354 1885">
     <span class='ocr_line' id='line_1_22' title="bbox 199 1820 1354 1885; baseline 0.001 -17"><span class='ocrx_word' id='word_1_142' title='bbox 199 1820 499 1885; x_wconf 85' lang='lat' dir='ltr'>Oblitusque</span> <span class='ocrx_word' id='word_1_143' title='bbox 526 1838 751 1870; x_wconf 89' lang='lat' dir='ltr'>meorum</span> <span class='ocrx_word' id='word_1_144' title='bbox 778 1824 1154 1871; x_wconf 86' lang='lat' dir='ltr'>obliviscendus</span> <span class='ocrx_word' id='word_1_145' title='bbox 1177 1829 1230 1871; x_wconf 88' lang='lat' dir='ltr'>et</span> <span class='ocrx_word' id='word_1_146' title='bbox 1254 1823 1354 1869; x_wconf 88' lang='lat' dir='ltr'>illis</span> 
     </span>
    </p>

    <p class='ocr_par' dir='ltr' id='par_1_12' title="bbox 195 1887 1749 2086">
     <span class='ocr_line' id='line_1_23' title="bbox 195 1887 1749 1952; baseline 0.001 -16"><span class='ocrx_word' id='word_1_147' title='bbox 195 1887 494 1951; x_wconf 90' lang='lat' dir='ltr'>Neptunum</span> <span class='ocrx_word' id='word_1_148' title='bbox 517 1890 690 1951; x_wconf 88' lang='lat' dir='ltr'>procul</span> <span class='ocrx_word' id='word_1_149' title='bbox 715 1906 741 1937; x_wconf 92' lang='lat' dir='ltr'>e</span> <span class='ocrx_word' id='word_1_150' title='bbox 767 1894 901 1937; x_wconf 90' lang='lat' dir='ltr'>terra</span> <span class='ocrx_word' id='word_1_151' title='bbox 926 1897 1154 1952; x_wconf 88' lang='lat' dir='ltr'>spectare</span> <span class='ocrx_word' id='word_1_152' title='bbox 1179 1891 1442 1937; x_wconf 87' lang='lat' dir='ltr'>furentem.</span> <span class='ocrx_word' id='word_1_153' title='bbox 1688 1891 1749 1937; x_wconf 90' lang='grc'>10</span> 
     </span>
     <span class='ocr_line' id='line_1_24' title="bbox 200 1954 1635 2019; baseline 0.001 -18"><span class='ocrx_word' id='word_1_154' title='bbox 200 1954 301 2002; x_wconf 85' lang='lat' dir='ltr'>Sed</span> <span class='ocrx_word' id='word_1_155' title='bbox 325 1971 485 2018; x_wconf 91' lang='lat' dir='ltr'>neque</span> <span class='ocrx_word' id='word_1_156' title='bbox 510 1956 598 2018; x_wconf 89' lang='lat' dir='ltr'>qui</span> <span class='ocrx_word' id='word_1_157' title='bbox 625 1957 802 2019; x_wconf 86' lang='lat' dir='ltr'>Capua</span> <span class='ocrx_word' id='word_1_158' title='bbox 827 1957 1045 2004; x_wconf 85' lang='lat' dir='ltr'>Romam</span> <span class='ocrx_word' id='word_1_159' title='bbox 1069 1957 1214 2019; x_wconf 86' lang='lat' dir='ltr'>petit,</span> <span class='ocrx_word' id='word_1_160' title='bbox 1243 1956 1401 2003; x_wconf 90' lang='lat' dir='ltr'>imbre</span> <span class='ocrx_word' id='word_1_161' title='bbox 1426 1955 1635 2017; x_wconf 81' lang='lat' dir='ltr'>lutoque</span> 
     </span>
     <span class='ocr_line' id='line_1_25' title="bbox 197 2021 1428 2086; baseline 0.001 -18"><span class='ocrx_word' id='word_1_162' title='bbox 197 2021 469 2084; x_wconf 89' lang='lat' dir='ltr'>Aspersus,</span> <span class='ocrx_word' id='word_1_163' title='bbox 496 2024 634 2070; x_wconf 87' lang='lat' dir='ltr'>volet</span> <span class='ocrx_word' id='word_1_164' title='bbox 657 2023 709 2070; x_wconf 91' lang='lat' dir='ltr'>in</span> <span class='ocrx_word' id='word_1_165' title='bbox 735 2039 963 2086; x_wconf 88' lang='lat' dir='ltr'>caupona</span> <span class='ocrx_word' id='word_1_166' title='bbox 989 2023 1188 2084; x_wconf 84' lang='lat' dir='ltr'>vivere;</span> <span class='ocrx_word' id='word_1_167' title='bbox 1222 2037 1315 2070; x_wconf 90' lang='lat' dir='ltr'>nec</span> <span class='ocrx_word' id='word_1_168' title='bbox 1339 2021 1428 2086; x_wconf 92' lang='lat' dir='ltr'>qui</span> 
     </span>
    </p>

    <p class='ocr_par' dir='ltr' id='par_1_13' title="bbox 197 2087 1303 2150">
     <span class='ocr_line' id='line_1_26' title="bbox 197 2087 1303 2150; baseline 0.002 -15"><span class='ocrx_word' id='word_1_169' title='bbox 197 2087 385 2150; x_wconf 85' lang='lat' dir='ltr'>Frigus</span> <span class='ocrx_word' id='word_1_170' title='bbox 410 2090 627 2149; x_wconf 79' lang='lat' dir='ltr'>collegit,</span> <span class='ocrx_word' id='word_1_171' title='bbox 653 2090 826 2136; x_wconf 87' lang='lat' dir='ltr'>furnos</span> <span class='ocrx_word' id='word_1_172' title='bbox 851 2095 902 2136; x_wconf 88' lang='lat' dir='ltr'>et</span> <span class='ocrx_word' id='word_1_173' title='bbox 926 2089 1106 2136; x_wconf 90' lang='lat' dir='ltr'>balnea</span> <span class='ocrx_word' id='word_1_174' title='bbox 1128 2089 1303 2137; x_wconf 76' lang='lat' dir='ltr'>laudat</span> 
     </span>
    </p>

    <p class='ocr_par' dir='ltr' id='par_1_14' title="bbox 197 2152 1318 2217">
     <span class='ocr_line' id='line_1_27' title="bbox 197 2152 1318 2217; baseline -0.001 -14"><span class='ocrx_word' id='word_1_175' title='bbox 197 2153 271 2203; x_wconf 84' lang='lat' dir='ltr'>Ut</span> <span class='ocrx_word' id='word_1_176' title='bbox 295 2154 602 2202; x_wconf 90' lang='lat' dir='ltr'>fortunatam</span> <span class='ocrx_word' id='word_1_177' title='bbox 628 2152 776 2216; x_wconf 91' lang='lat' dir='ltr'>plene</span> <span class='ocrx_word' id='word_1_178' title='bbox 800 2155 1105 2217; x_wconf 85' lang='lat' dir='ltr'>praestantia</span> <span class='ocrx_word' id='word_1_179' title='bbox 1130 2155 1318 2214; x_wconf 88' lang='lat' dir='ltr'>vitam;</span> 
     </span>
    </p>

    <p class='ocr_par' dir='ltr' id='par_1_15' title="bbox 195 2218 1743 2350">
     <span class='ocr_line' id='line_1_28' title="bbox 195 2218 1743 2283; baseline 0.003 -15"><span class='ocrx_word' id='word_1_180' title='bbox 195 2219 317 2279; x_wconf 90' lang='lat' dir='ltr'>Nec,</span> <span class='ocrx_word' id='word_1_181' title='bbox 341 2219 383 2268; x_wconf 92' lang='lat' dir='ltr'>si</span> <span class='ocrx_word' id='word_1_182' title='bbox 407 2226 457 2268; x_wconf 87' lang='lat' dir='ltr'>te</span> <span class='ocrx_word' id='word_1_183' title='bbox 479 2218 678 2268; x_wconf 89' lang='lat' dir='ltr'>validus</span> <span class='ocrx_word' id='word_1_184' title='bbox 705 2219 976 2283; x_wconf 88' lang='lat' dir='ltr'>jactaverit</span> <span class='ocrx_word' id='word_1_185' title='bbox 999 2220 1186 2269; x_wconf 91' lang='lat' dir='ltr'>Auster</span> <span class='ocrx_word' id='word_1_186' title='bbox 1208 2221 1260 2269; x_wconf 91' lang='lat' dir='ltr'>in</span> <span class='ocrx_word' id='word_1_187' title='bbox 1284 2220 1405 2280; x_wconf 88' lang='lat' dir='ltr'>alto,</span> <span class='ocrx_word' id='word_1_188' title='bbox 1680 2223 1743 2273; x_wconf 91' lang='lat'>15</span> 
     </span>
     <span class='ocr_line' id='line_1_29' title="bbox 197 2285 1428 2350; baseline 0.002 -16"><span class='ocrx_word' id='word_1_189' title='bbox 197 2285 392 2335; x_wconf 87' lang='lat' dir='ltr'>Idcirco</span> <span class='ocrx_word' id='word_1_190' title='bbox 414 2302 597 2336; x_wconf 91' lang='lat' dir='ltr'>navem</span> <span class='ocrx_word' id='word_1_191' title='bbox 622 2293 759 2334; x_wconf 87' lang='lat' dir='ltr'>trans</span> <span class='ocrx_word' id='word_1_192' title='bbox 782 2286 1040 2350; x_wconf 86' lang='lat' dir='ltr'>Aegaeum</span> <span class='ocrx_word' id='word_1_193' title='bbox 1067 2304 1203 2335; x_wconf 86' lang='lat' dir='ltr'>mare</span> <span class='ocrx_word' id='word_1_194' title='bbox 1226 2287 1428 2336; x_wconf 89' lang='lat' dir='ltr'>vendas.</span> 
     </span>
    </p>

    <p class='ocr_par' dir='ltr' id='par_1_16' title="bbox 198 2351 1596 2480">
     <span class='ocr_line' id='line_1_30' title="bbox 198 2351 1596 2414; baseline 0.001 -17"><span class='ocrx_word' id='word_1_195' title='bbox 198 2351 449 2398; x_wconf 89' lang='lat' dir='ltr'>Incolumi</span> <span class='ocrx_word' id='word_1_196' title='bbox 474 2351 688 2398; x_wconf 78' lang='lat' dir='ltr'>Rhodos</span> <span class='ocrx_word' id='word_1_197' title='bbox 712 2357 763 2398; x_wconf 91' lang='lat' dir='ltr'>et</span> <span class='ocrx_word' id='word_1_198' title='bbox 789 2352 1040 2414; x_wconf 88' lang='lat' dir='ltr'>Mytilene</span> <span class='ocrx_word' id='word_1_199' title='bbox 1065 2353 1275 2414; x_wconf 88' lang='lat' dir='ltr'>pulchra</span> <span class='ocrx_word' id='word_1_200' title='bbox 1301 2353 1432 2410; x_wconf 88' lang='lat' dir='ltr'>facit,</span> <span class='ocrx_word' id='word_1_201' title='bbox 1461 2353 1596 2414; x_wconf 93' lang='lat' dir='ltr'>quod</span> 
     </span>
     <span class='ocr_line' id='line_1_31' title="bbox 199 2417 1456 2480; baseline 0.002 -17"><span class='ocrx_word' id='word_1_202' title='bbox 199 2417 427 2464; x_wconf 70' lang='lat' dir='ltr'>Paenula</span> <span class='ocrx_word' id='word_1_203' title='bbox 453 2418 689 2474; x_wconf 90' lang='lat' dir='ltr'>solstitio,</span> <span class='ocrx_word' id='word_1_204' title='bbox 716 2424 999 2480; x_wconf 87' lang='lat' dir='ltr'>campestre</span> <span class='ocrx_word' id='word_1_205' title='bbox 1024 2419 1280 2466; x_wconf 89' lang='lat' dir='ltr'>nivalibus</span> <span class='ocrx_word' id='word_1_206' title='bbox 1307 2419 1456 2477; x_wconf 89' lang='lat' dir='ltr'>auris,</span> 
     </span>
    </p>

    <p class='ocr_par' dir='ltr' id='par_1_17' title="bbox 200 2484 1466 2543">
     <span class='ocr_line' id='line_1_32' title="bbox 200 2484 1466 2543; baseline 0.002 -13"><span class='ocrx_word' id='word_1_207' title='bbox 200 2484 297 2531; x_wconf 89' lang='lat' dir='ltr'>Per</span> <span class='ocrx_word' id='word_1_208' title='bbox 321 2485 557 2530; x_wconf 91' lang='lat' dir='ltr'>brumam</span> <span class='ocrx_word' id='word_1_209' title='bbox 583 2484 795 2543; x_wconf 85' lang='lat' dir='ltr'>Tiberis,</span> <span class='ocrx_word' id='word_1_210' title='bbox 825 2485 1002 2531; x_wconf 82' lang='lat' dir='ltr'>Sextili</span> <span class='ocrx_word' id='word_1_211' title='bbox 1029 2501 1200 2532; x_wconf 86' lang='lat' dir='ltr'>mense</span> <span class='ocrx_word' id='word_1_212' title='bbox 1227 2486 1466 2533; x_wconf 90' lang='lat' dir='ltr'>caminus.</span> 
     </span>
    </p>

    <p class='ocr_par' dir='ltr' id='par_1_18' title="bbox 198 2551 1748 2746">
     <span class='ocr_line' id='line_1_33' title="bbox 198 2551 1748 2613; baseline 0.001 -16"><span class='ocrx_word' id='word_1_213' title='bbox 198 2551 333 2598; x_wconf 91' lang='lat' dir='ltr'>Dum</span> <span class='ocrx_word' id='word_1_214' title='bbox 359 2551 476 2597; x_wconf 90' lang='lat' dir='ltr'>licet</span> <span class='ocrx_word' id='word_1_215' title='bbox 501 2565 557 2597; x_wconf 90' lang='lat' dir='ltr'>ac</span> <span class='ocrx_word' id='word_1_216' title='bbox 583 2551 777 2597; x_wconf 90' lang='lat' dir='ltr'>voltum</span> <span class='ocrx_word' id='word_1_217' title='bbox 804 2557 974 2598; x_wconf 85' lang='lat' dir='ltr'>servat</span> <span class='ocrx_word' id='word_1_218' title='bbox 1001 2552 1230 2599; x_wconf 88' lang='lat' dir='ltr'>Fortuna</span> <span class='ocrx_word' id='word_1_219' title='bbox 1256 2552 1544 2613; x_wconf 87' lang='lat' dir='ltr'>benignum,</span> <span class='ocrx_word' id='word_1_220' title='bbox 1686 2552 1748 2598; x_wconf 85' lang='lat'>20</span> 
     </span>
     <span class='ocr_line' id='line_1_34' title="bbox 198 2616 1660 2667; baseline 0.002 -4"><span class='ocrx_word' id='word_1_221' title='bbox 198 2616 392 2664; x_wconf 86' lang='lat' dir='ltr'>Romae</span> <span class='ocrx_word' id='word_1_222' title='bbox 418 2617 651 2664; x_wconf 87' lang='lat' dir='ltr'>laudetur</span> <span class='ocrx_word' id='word_1_223' title='bbox 678 2617 859 2665; x_wconf 82' lang='lat' dir='ltr'>Samos</span> <span class='ocrx_word' id='word_1_224' title='bbox 885 2623 936 2664; x_wconf 87' lang='lat' dir='ltr'>et</span> <span class='ocrx_word' id='word_1_225' title='bbox 965 2617 1120 2665; x_wconf 87' lang='lat' dir='ltr'>Chios</span> <span class='ocrx_word' id='word_1_226' title='bbox 1146 2623 1197 2665; x_wconf 89' lang='lat' dir='ltr'>et</span> <span class='ocrx_word' id='word_1_227' title='bbox 1222 2618 1436 2665; x_wconf 88' lang='lat' dir='ltr'>Rhodos</span> <span class='ocrx_word' id='word_1_228' title='bbox 1462 2619 1660 2667; x_wconf 91' lang='lat' dir='ltr'>absens.</span> 
     </span>
     <span class='ocr_line' id='line_1_35' title="bbox 198 2682 1503 2746; baseline 0.001 -16"><span class='ocrx_word' id='word_1_229' title='bbox 198 2682 275 2730; x_wconf 85' lang='lat' dir='ltr'>Tu</span> <span class='ocrx_word' id='word_1_230' title='bbox 301 2698 670 2746; x_wconf 89' lang='lat' dir='ltr'>quamcumque</span> <span class='ocrx_word' id='word_1_231' title='bbox 696 2683 820 2730; x_wconf 90' lang='lat' dir='ltr'>deus</span> <span class='ocrx_word' id='word_1_232' title='bbox 845 2684 940 2731; x_wconf 91' lang='lat' dir='ltr'>tibi</span> <span class='ocrx_word' id='word_1_233' title='bbox 965 2684 1301 2732; x_wconf 86' lang='lat' dir='ltr'>fortunaverit</span> <span class='ocrx_word' id='word_1_234' title='bbox 1325 2684 1503 2731; x_wconf 90' lang='lat' dir='ltr'>horam</span> 
     </span>
    </p>
   </div>
   <div class='ocr_carea' id='block_1_6' title="bbox 362 2810 1574 2851">
    <p class='ocr_par' dir='ltr' id='par_1_19' title="bbox 362 2810 1574 2851">
     <span class='ocr_line' id='line_1_36' title="bbox 362 2810 1574 2851; baseline 0 -5"><span class='ocrx_word' id='word_1_235' title='bbox 362 2813 405 2846; x_wconf 77' lang='lat'>40</span> <span class='ocrx_word' id='word_1_236' title='bbox 423 2814 531 2846; x_wconf 80' lang='lat' dir='ltr'>vehet</span> <span class='ocrx_word' id='word_1_237' title='bbox 617 2811 659 2843; x_wconf 81' lang='lat'>43</span> <span class='ocrx_word' id='word_1_238' title='bbox 681 2811 787 2850; x_wconf 78' lang='lat' dir='ltr'>urget</span> <span class='ocrx_word' id='word_1_239' title='bbox 871 2811 892 2842; x_wconf 82' lang='lat'>3</span> <span class='ocrx_word' id='word_1_240' title='bbox 913 2810 1068 2851; x_wconf 81' lang='lat' dir='ltr'>Smyrna</span> <span class='ocrx_word' id='word_1_241' title='bbox 1153 2811 1173 2842; x_wconf 88' lang='grc'><strong>3</strong></span> <span class='ocrx_word' id='word_1_242' title='bbox 1195 2812 1379 2844; x_wconf 68' lang='lat' dir='ltr'>minoi-ane</span> <span class='ocrx_word' id='word_1_243' title='bbox 1465 2813 1508 2845; x_wconf 92' lang='grc'>10</span> <span class='ocrx_word' id='word_1_244' title='bbox 1528 2822 1574 2846; x_wconf 83' lang='lat' dir='ltr'>ex</span> 
     </span>
    </p>
   </div>
  </div>
 </body>
</html>
