1878 3054
182 163 286 215 138
616 176 858 216 HossATI
899 178 1270 221 SA'HRARVM

182 309 237 358 Si
262 308 375 371 quis
401 324 517 356 eum
543 324 763 368 servum,
790 311 1019 372 patinam
1045 312 1132 374 qui
1157 311 1332 361 tollere
1350 315 1527 376 jussus
1680 317 1742 363 80

184 377 418 425 Semesos
443 377 607 438 pisces
633 377 964 439 tepidumque
992 378 1268 440 ligurrierit
1283 382 1370 442 jus

185 444 244 492 In
269 457 413 490 cruce
439 443 655 504 suffigat,
686 443 923 491 Labeone
949 445 1176 493 insanior
1200 446 1332 494 inter

183 511 345 559 Sanos
372 509 578 557 dicatur.
655 511 858 570 Quanto
887 511 981 559 hoc
1007 512 1250 560 furiosius
1274 519 1426 578 atque

180 578 351 638 Majus
376 583 642 638 peccatum
666 582 774 625 est:
812 579 1020 641 paulum
1046 579 1261 642 deliquit
1285 583 1494 642 amicus,

182 645 330 706 Quod
355 644 453 690 nisi
479 644 742 702 concedaS,
771 644 987 693 habeare
1014 646 1261 706 insuavis,
1289 650 1526 700 acerbus:
1682 649 1744 695 85

181 711 365 769 Odisti,
391 716 444 758 et
468 711 606 772 fugis
633 717 690 758 ut
717 711 982 759 Rusonem
1010 713 1206 762 debitor
1230 716 1376 775 aeris,

182 779 281 840 Qui
308 779 422 837 nisi,
450 793 565 824 cum
593 778 768 825 tristes
794 780 980 828 misero
1007 796 1190 828 venere
1218 780 1497 842 Kalendae,

181 846 471 894 Mercedem
499 850 590 892 aut
615 861 852 894 nummos
881 848 1150 896 undeunde
1177 850 1406 909 extricat,
1434 867 1632 900 amaras

182 914 423 961 Porrecto
439 913 619 974 Jugulo
646 912 888 962 historias
915 915 1150 978 captivus
1176 921 1234 963 ut
1258 917 1411 965 audit.

184 980 494 1029 Comminxit
518 980 701 1027 lectum
731 986 899 1043 potus,
929 997 1168 1031 mensave
1194 983 1423 1031 catillum
1685 983 1746 1028 90

182 1047 410 1095 Evandri
433 1048 670 1094 manibus
698 1049 876 1095 tritum
904 1050 1110 1111 deJecit:
1148 1050 1212 1097 ob
1238 1050 1369 1099 hanc
1394 1066 1512 1110 rem,

182 1114 294 1162 Aut
326 1114 550 1177 positum
577 1120 692 1162 ante
720 1130 833 1162 mea
858 1117 980 1178 quia
1003 1117 1198 1180 pullum
1224 1117 1275 1164 in
1301 1124 1442 1181 parte
1468 1120 1625 1167 catini

185 1180 404 1229 Sustulit
427 1182 670 1239 esuriens,
700 1182 868 1229 minus
898 1183 992 1231 hoc
1008 1185 1264 1246 jucundus
1291 1186 1484 1234 amicus

184 1248 264 1296 Sit
288 1246 448 1294 mihi?
521 1249 654 1308 Quid
681 1250 862 1296 faciam
893 1250 937 1297 si
963 1251 1151 1298 furtum
1179 1252 1366 1310 fecerit,
1394 1259 1482 1300 aut
1506 1258 1552 1302 si

184 1314 470 1363 Prodiderit
494 1315 767 1363 commissa
792 1316 886 1364 fide
914 1332 1224 1380 sponsumve
1250 1318 1490 1381 negarit?
1682 1311 1747 1361 95

252 1449 379 1510 Quis
402 1449 544 1511 paria
568 1464 680 1497 esse
708 1450 808 1498 fere
835 1451 1029 1514 placuit
1054 1458 1275 1514 peccata,
1302 1452 1536 1500 laborant

185 1516 316 1565 Cum
336 1521 544 1563 ventum
565 1517 628 1563 ad
650 1533 824 1565 verum
845 1524 955 1580 est3
981 1534 1162 1567 sensus
1181 1535 1446 1582 moresque
1463 1526 1748 1582 repugnant

183 1584 356 1644 Atque
381 1583 494 1645 ipsa
519 1584 732 1642 utilitas,
752 1586 880 1646 justi
907 1600 1060 1648 prope
1088 1592 1250 1634 mater
1274 1592 1327 1634 et
1352 1589 1514 1651 aequi.

186 1649 315 1698 Cum
339 1656 700 1711 prorepserunt
725 1652 902 1714 primis
930 1653 1170 1700 animalia
1194 1654 1357 1712 terris,

183 1716 386 1763 Mutum
400 1721 452 1763 et
463 1722 609 1778 turpe
622 1715 795 1779 pecus,
807 1719 1046 1781 glandem
1061 1726 1211 1783 atque
1223 1721 1411 1768 cubilia
1423 1727 1632 1784 propter
1654 1725 1745 1770 100

185 1783 461 1845 Unguibus
485 1789 537 1831 et
561 1786 763 1846 pugnis,
794 1787 913 1834 dein
940 1787 1176 1845 fustibus,
1205 1794 1355 1851 atque
1380 1789 1454 1836 ita
1477 1804 1626 1851 porro

185 1850 497 1912 Pugnabant
523 1852 689 1910 armis,
720 1869 849 1915 quae
878 1859 997 1917 post
1023 1855 1361 1904 fabricaverat
1386 1871 1523 1916 usus,

184 1917 360 1965 Donec
385 1919 550 1975 verba,
580 1919 766 1981 quibus
794 1937 946 1970 voces
974 1934 1255 1985 sensusque
1282 1928 1532 1983 nota-rent,

184 1984 234 2031 N
239 1985 506 2047 ominaque
531 1986 768 2035 invenere
793 2006 805 2050 3
843 1988 1028 2036 dehinc
1053 1989 1299 2038 absistere
1323 1991 1468 2050 bello,

185 2050 388 2114 Oppida
413 2059 685 2115 coeperunt
710 2056 908 2103 munire
934 2060 986 2103 et
1011 2071 1194 2118 ponere
1218 2058 1372 2120 legeS‚
1653 2063 1745 2111 105

183 2116 263 2165 Ne
289 2119 400 2181 quis
426 2119 506 2166 fur
529 2126 679 2179 esset,
709 2137 807 2170 neu
834 2123 980 2180 latro,
1007 2138 1107 2170 neu
1131 2124 1244 2186 quis
1269 2124 1478 2172 adulter.

184 2184 320 2232 Nam
347 2186 444 2233 fuit
469 2195 587 2235 ante
617 2188 871 2237 Helenam
899 2189 1080 2237 mulier
1105 2191 1400 2238 taeterrima
1424 2191 1545 2239 belli

186 2251 388 2314 Causa3
426 2255 515 2301 sed
542 2255 735 2317 ignotis
762 2258 1022 2319 perierunt
1046 2258 1296 2305 mortibus
1321 2258 1408 2317 illi,

185 2319 326 2379 Quos
353 2336 587 2369 venerem
614 2324 857 2373 incertam
883 2326 1136 2388 rapientes
1159 2340 1297 2372 more
1323 2325 1540 2372 ferarum

185 2385 394 2434 Viribus
419 2389 603 2436 editior
629 2394 886 2453 caedebat,
916 2398 974 2440 ut
999 2393 1051 2439 in
1077 2407 1231 2454 grege
1255 2396 1444 2440 taurus,
1655 2396 1748 2442 110

183 2453 314 2501 Jura
339 2454 547 2505 inventa
572 2465 710 2507 metu
735 2461 912 2523 injusti
940 2461 1131 2508 fateare
1157 2474 1360 2507 necesse
1385 2463 1479 2517 est,

184 2520 434 2584 Tempora
460 2526 501 2572 si
529 2527 786 2590 fastosque
814 2528 942 2575 velis
967 2528 1201 2575 evolvere
1225 2527 1414 2575 mundi.

183 2586 290 2635 Nec
315 2597 497 2640 natura
520 2599 689 2656 potest
705 2597 846 2656 justo
873 2610 1130 2643 secernere
1156 2594 1400 2657 iniquum,

183 2652 385 2705 Dividit
408 2664 466 2706 ut
491 2661 624 2707 bona
650 2662 881 2719 diversis,
912 2663 1154 2723 fugienda
1178 2660 1440 2725 petendis3

184 2719 292 2772 Nec
312 2726 481 2774 vincet
498 2728 630 2775 ratio
651 2727 760 2788 hoc,
783 2730 1087 2776 tantundem
1107 2733 1165 2777 ut
1182 2733 1356 2792 peccet
1379 2728 1612 2789 idemque
1651 2727 1743 2774 115

257 2854 304 2888 81
325 2854 526 2903 trepidum
603 2855 664 2902 85,
684 2856 731 2892 86
751 2856 915 2893 acerbus
934 2857 1068 2902 odisti,
1146 2857 1193 2894 91
1214 2859 1363 2894 tortum
1441 2855 1512 2894 107
1531 2856 1588 2891 εἰσ
1612 2854 1657 2891 G.

818 2907 890 2945 107
909 2908 1115 2944 teterrima
