<?xml version="1.0" encoding="UTF-8"?>
<!DOCTYPE html PUBLIC "-//W3C//DTD XHTML 1.0 Transitional//EN"
    "http://www.w3.org/TR/xhtml1/DTD/xhtml1-transitional.dtd">
<html xmlns="http://www.w3.org/1999/xhtml" xml:lang="en" lang="en">
 <head>
  <title>
</title>
<meta http-equiv="Content-Type" content="text/html;charset=utf-8" />
  <meta name='ocr-system' content='tesseract 3.04.00' />
  <meta name='ocr-capabilities' content='ocr_page ocr_carea ocr_par ocr_line ocrx_word'/>
</head>
<body>
  <div class='ocr_page' id='page_1' title='image "./workschase00horauoft_0171.png"; bbox 0 0 1878 3054; ppageno 0'>
   <div class='ocr_carea' id='block_1_1' title="bbox 287 10 702 93">
    <p class='ocr_par' dir='ltr' id='par_1_1' title="bbox 287 10 802 93">
     <span class='ocr_line' id='line_1_1' title="bbox 287 10 702 93; baseline -0.008 1"><span class='ocrx_word' id='word_1_1' title='bbox 287 10 514 93; x_wconf 57' lang='lat' dir='ltr'><strong>,zr‘Cod-</strong></span> <span class='ocrx_word' id='word_1_2' title='bbox 572 31 702 93; x_wconf 44' lang='lat' dir='ltr'><strong>wyse</strong></span> 
     </span>
    </p>
   </div>
   <div class='ocr_carea' id='block_1_2' title="bbox 743 138 1679 192">
    <p class='ocr_par' dir='ltr' id='par_1_2' title="bbox 743 138 1679 192">
     <span class='ocr_line' id='line_1_2' title="bbox 743 138 1679 192; baseline -0.001 0"><span class='ocrx_word' id='word_1_3' title='bbox 743 153 864 192; x_wconf 76' lang='lat' dir='ltr'><strong>ms.</strong></span> <span class='ocrx_word' id='word_1_4' title='bbox 906 152 975 190; x_wconf 89' lang='lat'><strong>11.</strong></span> <span class='ocrx_word' id='word_1_5' title='bbox 1016 142 1048 190; x_wconf 74' lang='grc' dir='ltr'>ὅ</span> <span class='ocrx_word' id='word_1_6' title='bbox 1573 138 1679 192; x_wconf 86' lang='grc'><strong>167</strong></span> 
     </span>
    </p>
   </div>
   <div class='ocr_carea' id='block_1_3' title="bbox 103 285 1690 2717">
    <p class='ocr_par' dir='ltr' id='par_1_3' title="bbox 104 285 1676 552">
     <span class='ocr_line' id='line_1_3' title="bbox 106 285 1674 353; baseline -0.003 -16"><span class='ocrx_word' id='word_1_7' title='bbox 106 287 176 338; x_wconf 73' lang='lat' dir='ltr'><strong>Te</strong></span> <span class='ocrx_word' id='word_1_8' title='bbox 187 289 457 353; x_wconf 88' lang='lat' dir='ltr'><strong>quicquam</strong></span> <span class='ocrx_word' id='word_1_9' title='bbox 474 285 768 350; x_wconf 68' lang='lat' dir='ltr'><strong>indignum!</strong></span> <span class='ocrx_word' id='word_1_10' title='bbox 797 286 972 333; x_wconf 90' lang='lat' dir='ltr'><strong>Pudor</strong></span> <span class='ocrx_word' id='word_1_11' title='bbox 986 287 1014 313; x_wconf 83' lang='lat'><strong>&#39;⁷</strong></span> <span class='ocrx_word' id='word_1_12' title='bbox 1030 285 1199 347; x_wconf 88' lang='lat' dir='ltr'><strong>inquit</strong></span> <span class='ocrx_word' id='word_1_13' title='bbox 1218 290 1244 309; x_wconf 77' lang='lat'><strong>‘¹</strong></span> <span class='ocrx_word' id='word_1_14' title='bbox 1259 290 1310 332; x_wconf 88' lang='lat' dir='ltr'><strong>te</strong></span> <span class='ocrx_word' id='word_1_15' title='bbox 1330 285 1499 331; x_wconf 91' lang='lat' dir='ltr'><strong>malus</strong></span> <span class='ocrx_word' id='word_1_16' title='bbox 1516 285 1674 346; x_wconf 87' lang='lat' dir='ltr'><strong>angit.</strong></span> 
     </span>
     <span class='ocr_line' id='line_1_4' title="bbox 104 353 1676 418; baseline -0.004 -13"><span class='ocrx_word' id='word_1_17' title='bbox 104 357 322 406; x_wconf 76' lang='lat' dir='ltr'><strong>Insanos</strong></span> <span class='ocrx_word' id='word_1_18' title='bbox 346 355 434 418; x_wconf 88' lang='lat' dir='ltr'><strong>qui</strong></span> <span class='ocrx_word' id='word_1_19' title='bbox 459 355 591 402; x_wconf 88' lang='lat' dir='ltr'><strong>inter</strong></span> <span class='ocrx_word' id='word_1_20' title='bbox 615 368 821 402; x_wconf 81' lang='lat' dir='ltr'><strong>vereare</strong></span> <span class='ocrx_word' id='word_1_21' title='bbox 848 354 1062 400; x_wconf 90' lang='lat' dir='ltr'><strong>insanus</strong></span> <span class='ocrx_word' id='word_1_22' title='bbox 1089 353 1278 400; x_wconf 88' lang='lat' dir='ltr'><strong>haberi.</strong></span> <span class='ocrx_word' id='word_1_23' title='bbox 1614 353 1676 398; x_wconf 83' lang='lat'><strong>40</strong></span> 
     </span>
     <span class='ocr_line' id='line_1_5' title="bbox 105 418 1676 484; baseline -0.003 -12"><span class='ocrx_word' id='word_1_24' title='bbox 105 424 338 473; x_wconf 87' lang='lat' dir='ltr'><strong>Primum</strong></span> <span class='ocrx_word' id='word_1_25' title='bbox 363 438 482 469; x_wconf 90' lang='lat' dir='ltr'><strong>nam</strong></span> <span class='ocrx_word' id='word_1_26' title='bbox 506 422 761 484; x_wconf 86' lang='lat' dir='ltr'>inquiram</span> <span class='ocrx_word' id='word_1_27' title='bbox 780 421 902 484; x_wconf 90' lang='lat' dir='ltr'><strong>quid</strong></span> <span class='ocrx_word' id='word_1_28' title='bbox 922 421 991 468; x_wconf 90' lang='lat' dir='ltr'><strong>sit</strong></span> <span class='ocrx_word' id='word_1_29' title='bbox 997 418 1192 483; x_wconf 77' lang='lat' dir='ltr'><strong>farere</strong></span> <span class='ocrx_word' id='word_1_30' title='bbox 1207 438 1223 465; x_wconf 94' lang='lat'><strong>.·</strong></span> <span class='ocrx_word' id='word_1_31' title='bbox 1251 421 1346 467; x_wconf 91' lang='lat' dir='ltr'><strong>hoc</strong></span> <span class='ocrx_word' id='word_1_32' title='bbox 1372 421 1416 467; x_wconf 89' lang='lat' dir='ltr'><strong>si</strong></span> <span class='ocrx_word' id='word_1_33' title='bbox 1440 420 1537 467; x_wconf 88' lang='lat' dir='ltr'><strong>erit</strong></span> <span class='ocrx_word' id='word_1_34' title='bbox 1555 420 1607 466; x_wconf 93' lang='lat' dir='ltr'><strong>in</strong></span> <span class='ocrx_word' id='word_1_35' title='bbox 1626 426 1676 468; x_wconf 88' lang='lat' dir='ltr'><strong>te</strong></span> 
     </span>
     <span class='ocr_line' id='line_1_6' title="bbox 106 488 1347 552; baseline -0.004 -13"><span class='ocrx_word' id='word_1_36' title='bbox 106 490 239 549; x_wconf 87' lang='lat' dir='ltr'><strong>Solo,</strong></span> <span class='ocrx_word' id='word_1_37' title='bbox 265 491 338 538; x_wconf 90' lang='lat' dir='ltr'><strong>nil</strong></span> <span class='ocrx_word' id='word_1_38' title='bbox 364 489 520 549; x_wconf 87' lang='lat' dir='ltr'><strong>verbi,</strong></span> <span class='ocrx_word' id='word_1_39' title='bbox 548 504 728 551; x_wconf 90' lang='lat' dir='ltr'><strong>pereas</strong></span> <span class='ocrx_word' id='word_1_40' title='bbox 753 489 878 552; x_wconf 89' lang='lat' dir='ltr'><strong>quin</strong></span> <span class='ocrx_word' id='word_1_41' title='bbox 902 488 1116 546; x_wconf 88' lang='lat' dir='ltr'><strong>fortiter,</strong></span> <span class='ocrx_word' id='word_1_42' title='bbox 1146 488 1347 535; x_wconf 83' lang='lat' dir='ltr'>addam.</span> 
     </span>
    </p>

    <p class='ocr_par' dir='ltr' id='par_1_4' title="bbox 104 552 1676 891">
     <span class='ocr_line' id='line_1_7' title="bbox 105 552 1519 623; baseline -0.004 -17"><span class='ocrx_word' id='word_1_43' title='bbox 105 559 272 623; x_wconf 79' lang='lat' dir='ltr'><strong>Quem</strong></span> <span class='ocrx_word' id='word_1_44' title='bbox 297 557 433 605; x_wconf 89' lang='lat' dir='ltr'><strong>mala</strong></span> <span class='ocrx_word' id='word_1_45' title='bbox 457 557 680 605; x_wconf 84' lang='lat' dir='ltr'><strong>stultitia</strong></span> <span class='ocrx_word' id='word_1_46' title='bbox 703 561 755 604; x_wconf 89' lang='lat' dir='ltr'><strong>et</strong></span> <span class='ocrx_word' id='word_1_47' title='bbox 779 571 1150 620; x_wconf 88' lang='lat' dir='ltr'><strong>quemcumque</strong></span> <span class='ocrx_word' id='word_1_48' title='bbox 1176 556 1382 603; x_wconf 83' lang='lat' dir='ltr'><strong>inscitia</strong></span> <span class='ocrx_word' id='word_1_49' title='bbox 1408 552 1519 602; x_wconf 87' lang='lat' dir='ltr'><strong>veri</strong></span> 
     </span>
     <span class='ocr_line' id='line_1_8' title="bbox 106 623 1528 688; baseline -0.004 -13"><span class='ocrx_word' id='word_1_50' title='bbox 106 625 326 675; x_wconf 85' lang='lat' dir='ltr'><strong>Caecum</strong></span> <span class='ocrx_word' id='word_1_51' title='bbox 351 625 474 688; x_wconf 88' lang='lat' dir='ltr'><strong>agit,</strong></span> <span class='ocrx_word' id='word_1_52' title='bbox 502 627 746 673; x_wconf 76' lang='lat' dir='ltr'><strong>insanum</strong></span> <span class='ocrx_word' id='word_1_53' title='bbox 772 623 1051 686; x_wconf 80' lang='lat' dir='ltr'>Chrysippi</span> <span class='ocrx_word' id='word_1_54' title='bbox 1076 623 1302 686; x_wconf 86' lang='lat' dir='ltr'><strong>porticus</strong></span> <span class='ocrx_word' id='word_1_55' title='bbox 1327 629 1379 670; x_wconf 85' lang='lat' dir='ltr'><strong>et</strong></span> <span class='ocrx_word' id='word_1_56' title='bbox 1404 638 1528 685; x_wconf 85' lang='lat' dir='ltr'><strong>grex</strong></span> 
     </span>
     <span class='ocr_line' id='line_1_9' title="bbox 104 691 1676 755; baseline -0.003 -13"><span class='ocrx_word' id='word_1_57' title='bbox 104 694 371 743; x_wconf 84' lang='lat' dir='ltr'><strong>Autumat.</strong></span> <span class='ocrx_word' id='word_1_58' title='bbox 423 692 567 740; x_wconf 90' lang='lat' dir='ltr'><strong>Haec</strong></span> <span class='ocrx_word' id='word_1_59' title='bbox 583 692 813 755; x_wconf 89' lang='lat' dir='ltr'><strong>populos,</strong></span> <span class='ocrx_word' id='word_1_60' title='bbox 829 691 952 739; x_wconf 91' lang='lat' dir='ltr'><strong>haec</strong></span> <span class='ocrx_word' id='word_1_61' title='bbox 969 706 1185 753; x_wconf 87' lang='lat' dir='ltr'><strong>magnos</strong></span> <span class='ocrx_word' id='word_1_62' title='bbox 1201 691 1420 738; x_wconf 86' lang='lat' dir='ltr'><strong>formula</strong></span> <span class='ocrx_word' id='word_1_63' title='bbox 1438 705 1598 752; x_wconf 89' lang='lat' dir='ltr'><strong>reges,</strong></span> <span class='ocrx_word' id='word_1_64' title='bbox 1615 693 1676 739; x_wconf 87' lang='lat'><strong>45</strong></span> 
     </span>
     <span class='ocr_line' id='line_1_10' title="bbox 104 758 1393 824; baseline -0.004 -15"><span class='ocrx_word' id='word_1_65' title='bbox 104 760 333 824; x_wconf 87' lang='lat' dir='ltr'><strong>Excepto</strong></span> <span class='ocrx_word' id='word_1_66' title='bbox 358 760 605 822; x_wconf 83' lang='lat' dir='ltr'><strong>sapiente,</strong></span> <span class='ocrx_word' id='word_1_67' title='bbox 633 765 787 807; x_wconf 88' lang='lat' dir='ltr'><strong>tenet.</strong></span> <span class='ocrx_word' id='word_1_68' title='bbox 861 758 1014 806; x_wconf 86' lang='lat' dir='ltr'><strong>Nunc</strong></span> <span class='ocrx_word' id='word_1_69' title='bbox 1039 758 1209 820; x_wconf 82' lang='lat' dir='ltr'><strong>accipe</strong></span> <span class='ocrx_word' id='word_1_70' title='bbox 1237 773 1393 821; x_wconf 90' lang='lat' dir='ltr'><strong>quare</strong></span> 
     </span>
     <span class='ocr_line' id='line_1_11' title="bbox 104 826 1389 891; baseline -0.002 -14"><span class='ocrx_word' id='word_1_71' title='bbox 104 828 370 891; x_wconf 87' lang='lat' dir='ltr'><strong>Desipiant</strong></span> <span class='ocrx_word' id='word_1_72' title='bbox 395 843 571 875; x_wconf 89' lang='lat' dir='ltr'><strong>omnes</strong></span> <span class='ocrx_word' id='word_1_73' title='bbox 599 843 758 890; x_wconf 90' lang='lat' dir='ltr'><strong>aeque</strong></span> <span class='ocrx_word' id='word_1_74' title='bbox 787 843 845 875; x_wconf 90' lang='lat' dir='ltr'><strong>ac</strong></span> <span class='ocrx_word' id='word_1_75' title='bbox 869 832 941 886; x_wconf 89' lang='lat' dir='ltr'><strong>tu,</strong></span> <span class='ocrx_word' id='word_1_76' title='bbox 970 827 1057 890; x_wconf 92' lang='lat' dir='ltr'><strong>qui</strong></span> <span class='ocrx_word' id='word_1_77' title='bbox 1083 826 1177 873; x_wconf 90' lang='lat' dir='ltr'><strong>tibi</strong></span> <span class='ocrx_word' id='word_1_78' title='bbox 1204 841 1389 874; x_wconf 89' lang='lat' dir='ltr'><strong>nomen</strong></span> 
     </span>
    </p>

    <p class='ocr_par' dir='ltr' id='par_1_5' title="bbox 105 894 1312 958">
     <span class='ocr_line' id='line_1_12' title="bbox 105 894 1312 958; baseline -0.004 -13"><span class='ocrx_word' id='word_1_79' title='bbox 105 897 299 946; x_wconf 72' lang='lat' dir='ltr'><strong>Insano</strong></span> <span class='ocrx_word' id='word_1_80' title='bbox 321 910 552 958; x_wconf 86' lang='lat' dir='ltr'><strong>posuere.</strong></span> <span class='ocrx_word' id='word_1_81' title='bbox 578 911 586 943; x_wconf 83' lang='grc'><strong>,’</strong></span> <span class='ocrx_word' id='word_1_82' title='bbox 627 895 789 942; x_wconf 88' lang='lat' dir='ltr'><strong>Velut</strong></span> <span class='ocrx_word' id='word_1_83' title='bbox 814 895 976 953; x_wconf 87' lang='lat' dir='ltr'><strong>silvis,</strong></span> <span class='ocrx_word' id='word_1_84' title='bbox 1005 894 1092 941; x_wconf 90' lang='lat' dir='ltr'><strong>ubi</strong></span> <span class='ocrx_word' id='word_1_85' title='bbox 1116 894 1312 956; x_wconf 90' lang='lat' dir='ltr'><strong>passim</strong></span> 
     </span>
    </p>

    <p class='ocr_par' dir='ltr' id='par_1_6' title="bbox 105 961 1169 1026">
     <span class='ocr_line' id='line_1_13' title="bbox 105 961 1169 1026; baseline -0.004 -14"><span class='ocrx_word' id='word_1_86' title='bbox 105 964 346 1012; x_wconf 89' lang='lat' dir='ltr'><strong>Palantes</strong></span> <span class='ocrx_word' id='word_1_87' title='bbox 370 977 508 1011; x_wconf 82' lang='lat' dir='ltr'><strong>error</strong></span> <span class='ocrx_word' id='word_1_88' title='bbox 531 967 667 1010; x_wconf 87' lang='lat' dir='ltr'><strong>certo</strong></span> <span class='ocrx_word' id='word_1_89' title='bbox 693 963 754 1011; x_wconf 91' lang='lat' dir='ltr'><strong>de</strong></span> <span class='ocrx_word' id='word_1_90' title='bbox 779 963 986 1010; x_wconf 81' lang='lat' dir='ltr'><strong>tramite</strong></span> <span class='ocrx_word' id='word_1_91' title='bbox 1010 961 1169 1026; x_wconf 86' lang='lat' dir='ltr'><strong>pellit,</strong></span> 
     </span>
    </p>

    <p class='ocr_par' dir='ltr' id='par_1_7' title="bbox 103 1029 1684 1161">
     <span class='ocr_line' id='line_1_14' title="bbox 103 1029 1684 1091; baseline -0.003 -12"><span class='ocrx_word' id='word_1_92' title='bbox 103 1030 197 1079; x_wconf 91' lang='lat' dir='ltr'><strong>Ille</strong></span> <span class='ocrx_word' id='word_1_93' title='bbox 216 1031 580 1089; x_wconf 85' lang='lat' dir='ltr'><strong>sinistrorsum,</strong></span> <span class='ocrx_word' id='word_1_94' title='bbox 604 1030 685 1078; x_wconf 91' lang='lat' dir='ltr'><strong>hic</strong></span> <span class='ocrx_word' id='word_1_95' title='bbox 711 1031 1030 1078; x_wconf 84' lang='lat' dir='ltr'><strong>dextrorsum</strong></span> <span class='ocrx_word' id='word_1_96' title='bbox 1054 1030 1186 1077; x_wconf 89' lang='lat' dir='ltr'><strong>abit:</strong></span> <span class='ocrx_word' id='word_1_97' title='bbox 1207 1044 1339 1076; x_wconf 92' lang='lat' dir='ltr'><strong>unus</strong></span> <span class='ocrx_word' id='word_1_98' title='bbox 1359 1029 1560 1091; x_wconf 87' lang='lat' dir='ltr'><strong>utrique</strong></span> <span class='ocrx_word' id='word_1_99' title='bbox 1620 1033 1684 1080; x_wconf 84' lang='lat'><strong>50</strong></span> 
     </span>
     <span class='ocr_line' id='line_1_15' title="bbox 103 1097 1262 1161; baseline -0.003 -14"><span class='ocrx_word' id='word_1_100' title='bbox 103 1098 273 1157; x_wconf 85' lang='lat' dir='ltr'><strong>Error,</strong></span> <span class='ocrx_word' id='word_1_101' title='bbox 301 1099 391 1147; x_wconf 89' lang='lat' dir='ltr'><strong>sed</strong></span> <span class='ocrx_word' id='word_1_102' title='bbox 417 1099 573 1146; x_wconf 88' lang='lat' dir='ltr'><strong>variis</strong></span> <span class='ocrx_word' id='word_1_103' title='bbox 598 1098 769 1146; x_wconf 87' lang='lat' dir='ltr'><strong>illudit</strong></span> <span class='ocrx_word' id='word_1_104' title='bbox 792 1099 1052 1161; x_wconf 85' lang='lat' dir='ltr'><strong>partibus:</strong></span> <span class='ocrx_word' id='word_1_105' title='bbox 1091 1097 1188 1145; x_wconf 89' lang='lat' dir='ltr'><strong>hoc</strong></span> <span class='ocrx_word' id='word_1_106' title='bbox 1211 1101 1262 1144; x_wconf 87' lang='lat' dir='ltr'><strong>te</strong></span> 
     </span>
    </p>

    <p class='ocr_par' dir='ltr' id='par_1_8' title="bbox 104 1165 1420 1228">
     <span class='ocr_line' id='line_1_16' title="bbox 104 1165 1420 1228; baseline -0.003 -13"><span class='ocrx_word' id='word_1_107' title='bbox 104 1165 264 1216; x_wconf 85' lang='lat' dir='ltr'><strong>Crede</strong></span> <span class='ocrx_word' id='word_1_108' title='bbox 290 1167 442 1214; x_wconf 93' lang='lat' dir='ltr'><strong>modo</strong></span> <span class='ocrx_word' id='word_1_109' title='bbox 467 1167 720 1223; x_wconf 90' lang='lat' dir='ltr'><strong>insanum,</strong></span> <span class='ocrx_word' id='word_1_110' title='bbox 749 1166 908 1213; x_wconf 88' lang='lat' dir='ltr'><strong>nihilo</strong></span> <span class='ocrx_word' id='word_1_111' title='bbox 934 1171 992 1213; x_wconf 90' lang='lat' dir='ltr'><strong>ut</strong></span> <span class='ocrx_word' id='word_1_112' title='bbox 1017 1165 1297 1228; x_wconf 86' lang='lat' dir='ltr'><strong>sapientior</strong></span> <span class='ocrx_word' id='word_1_113' title='bbox 1322 1165 1420 1223; x_wconf 90' lang='lat' dir='ltr'><strong>ille,</strong></span> 
     </span>
    </p>

    <p class='ocr_par' dir='ltr' id='par_1_9' title="bbox 104 1233 1525 1363">
     <span class='ocr_line' id='line_1_17' title="bbox 104 1233 1525 1296; baseline -0.002 -14"><span class='ocrx_word' id='word_1_114' title='bbox 104 1234 201 1296; x_wconf 78' lang='lat' dir='ltr'><strong>Qui</strong></span> <span class='ocrx_word' id='word_1_115' title='bbox 228 1241 279 1282; x_wconf 85' lang='lat' dir='ltr'><strong>te</strong></span> <span class='ocrx_word' id='word_1_116' title='bbox 305 1235 515 1292; x_wconf 88' lang='lat' dir='ltr'><strong>deridet,</strong></span> <span class='ocrx_word' id='word_1_117' title='bbox 545 1234 761 1282; x_wconf 90' lang='lat' dir='ltr'><strong>caudam</strong></span> <span class='ocrx_word' id='word_1_118' title='bbox 788 1234 977 1282; x_wconf 87' lang='lat' dir='ltr'><strong>trahat.</strong></span> <span class='ocrx_word' id='word_1_119' title='bbox 1054 1233 1152 1280; x_wconf 86' lang='lat' dir='ltr'><strong>Est</strong></span> <span class='ocrx_word' id='word_1_120' title='bbox 1177 1248 1339 1295; x_wconf 85' lang='lat' dir='ltr'><strong>genus</strong></span> <span class='ocrx_word' id='word_1_121' title='bbox 1367 1247 1525 1279; x_wconf 90' lang='lat' dir='ltr'><strong>unum</strong></span> 
     </span>
     <span class='ocr_line' id='line_1_18' title="bbox 104 1301 1444 1363; baseline -0.003 -13"><span class='ocrx_word' id='word_1_122' title='bbox 104 1301 365 1350; x_wconf 86' lang='lat' dir='ltr'><strong>Stultitiae</strong></span> <span class='ocrx_word' id='word_1_123' title='bbox 391 1302 607 1350; x_wconf 91' lang='lat' dir='ltr'><strong>nihilum</strong></span> <span class='ocrx_word' id='word_1_124' title='bbox 634 1302 909 1349; x_wconf 87' lang='lat' dir='ltr'><strong>metuenda</strong></span> <span class='ocrx_word' id='word_1_125' title='bbox 933 1301 1179 1359; x_wconf 87' lang='lat' dir='ltr'><strong>timentis,</strong></span> <span class='ocrx_word' id='word_1_126' title='bbox 1202 1305 1267 1347; x_wconf 90' lang='lat' dir='ltr'><strong>ut·</strong></span> <span class='ocrx_word' id='word_1_127' title='bbox 1283 1301 1444 1363; x_wconf 84' lang='lat' dir='ltr'><strong>ignes,</strong></span> 
     </span>
    </p>

    <p class='ocr_par' dir='ltr' id='par_1_10' title="bbox 104 1369 1684 1500">
     <span class='ocr_line' id='line_1_19' title="bbox 104 1369 1684 1433; baseline 0 -15"><span class='ocrx_word' id='word_1_128' title='bbox 104 1369 180 1418; x_wconf 80' lang='lat' dir='ltr'><strong>Ut</strong></span> <span class='ocrx_word' id='word_1_129' title='bbox 201 1384 354 1432; x_wconf 89' lang='lat' dir='ltr'><strong>rupes</strong></span> <span class='ocrx_word' id='word_1_130' title='bbox 379 1369 665 1433; x_wconf 89' lang='lat' dir='ltr'><strong>fluviosque</strong></span> <span class='ocrx_word' id='word_1_131' title='bbox 694 1369 746 1416; x_wconf 91' lang='lat' dir='ltr'><strong>in</strong></span> <span class='ocrx_word' id='word_1_132' title='bbox 772 1385 951 1432; x_wconf 88' lang='lat' dir='ltr'><strong>campo</strong></span> <span class='ocrx_word' id='word_1_133' title='bbox 976 1369 1178 1417; x_wconf 86' lang='lat' dir='ltr'><strong>obstare</strong></span> <span class='ocrx_word' id='word_1_134' title='bbox 1203 1373 1474 1431; x_wconf 81' lang='lat' dir='ltr'><strong>queratur3</strong></span> <span class='ocrx_word' id='word_1_135' title='bbox 1621 1371 1684 1418; x_wconf 84' lang='lat'><strong>55</strong></span> 
     </span>
     <span class='ocr_line' id='line_1_20' title="bbox 104 1436 1512 1500; baseline -0.002 -15"><span class='ocrx_word' id='word_1_136' title='bbox 104 1437 341 1486; x_wconf 82' lang='lat' dir='ltr'><strong>Alterum</strong></span> <span class='ocrx_word' id='word_1_137' title='bbox 365 1442 419 1485; x_wconf 85' lang='lat' dir='ltr'><strong>et</strong></span> <span class='ocrx_word' id='word_1_138' title='bbox 443 1437 561 1485; x_wconf 91' lang='lat' dir='ltr'><strong>huic</strong></span> <span class='ocrx_word' id='word_1_139' title='bbox 590 1452 766 1484; x_wconf 87' lang='lat' dir='ltr'><strong>varum</strong></span> <span class='ocrx_word' id='word_1_140' title='bbox 790 1442 844 1484; x_wconf 90' lang='lat' dir='ltr'><strong>et</strong></span> <span class='ocrx_word' id='word_1_141' title='bbox 868 1436 1031 1484; x_wconf 91' lang='lat' dir='ltr'><strong>nihilo</strong></span> <span class='ocrx_word' id='word_1_142' title='bbox 1056 1436 1340 1500; x_wconf 87' lang='lat' dir='ltr'><strong>sapientius</strong></span> <span class='ocrx_word' id='word_1_143' title='bbox 1365 1436 1512 1498; x_wconf 89' lang='lat' dir='ltr'><strong>ignes</strong></span> 
     </span>
    </p>

    <p class='ocr_par' dir='ltr' id='par_1_11' title="bbox 105 1503 1428 1568">
     <span class='ocr_line' id='line_1_21' title="bbox 105 1503 1428 1568; baseline -0.002 -16"><span class='ocrx_word' id='word_1_144' title='bbox 105 1503 205 1553; x_wconf 86' lang='lat' dir='ltr'><strong>Per</strong></span> <span class='ocrx_word' id='word_1_145' title='bbox 228 1505 424 1564; x_wconf 88' lang='lat' dir='ltr'><strong>medios</strong></span> <span class='ocrx_word' id='word_1_146' title='bbox 449 1504 731 1568; x_wconf 86' lang='lat' dir='ltr'><strong>fluviosque</strong></span> <span class='ocrx_word' id='word_1_147' title='bbox 757 1505 982 1553; x_wconf 88' lang='lat' dir='ltr'><strong>ruentis:</strong></span> <span class='ocrx_word' id='word_1_148' title='bbox 1021 1505 1207 1552; x_wconf 90' lang='lat' dir='ltr'><strong>clamet</strong></span> <span class='ocrx_word' id='word_1_149' title='bbox 1232 1504 1428 1550; x_wconf 48' lang='lat' dir='ltr'><strong>amica*</strong></span> 
     </span>
    </p>

    <p class='ocr_par' dir='ltr' id='par_1_12' title="bbox 104 1571 1474 1635">
     <span class='ocr_line' id='line_1_22' title="bbox 104 1571 1474 1635; baseline -0.001 -15"><span class='ocrx_word' id='word_1_150' title='bbox 104 1571 289 1631; x_wconf 82' lang='lat' dir='ltr'><strong>Mater,</strong></span> <span class='ocrx_word' id='word_1_151' title='bbox 318 1572 536 1620; x_wconf 87' lang='lat' dir='ltr'><strong>honesta</strong></span> <span class='ocrx_word' id='word_1_152' title='bbox 562 1587 705 1620; x_wconf 88' lang='lat' dir='ltr'><strong>soror</strong></span> <span class='ocrx_word' id='word_1_153' title='bbox 729 1588 845 1620; x_wconf 91' lang='lat' dir='ltr'><strong>cum</strong></span> <span class='ocrx_word' id='word_1_154' title='bbox 871 1572 1121 1635; x_wconf 87' lang='lat' dir='ltr'><strong>cognatis,</strong></span> <span class='ocrx_word' id='word_1_155' title='bbox 1148 1577 1306 1634; x_wconf 89' lang='lat' dir='ltr'><strong>pater,</strong></span> <span class='ocrx_word' id='word_1_156' title='bbox 1336 1586 1474 1629; x_wconf 85' lang='lat' dir='ltr'><strong>uxor,</strong></span> 
     </span>
    </p>

    <p class='ocr_par' dir='ltr' id='par_1_13' title="bbox 103 1637 1686 1832">
     <span class='ocr_line' id='line_1_23' title="bbox 106 1637 1559 1703; baseline -0.002 -15"><span class='ocrx_word' id='word_1_157' title='bbox 106 1644 134 1665; x_wconf 79' lang='lat'><strong>‘⁴</strong></span> <span class='ocrx_word' id='word_1_158' title='bbox 153 1639 253 1688; x_wconf 88' lang='lat' dir='ltr'><strong>Hic</strong></span> <span class='ocrx_word' id='word_1_159' title='bbox 278 1640 418 1688; x_wconf 83' lang='lat' dir='ltr'><strong>fossa</strong></span> <span class='ocrx_word' id='word_1_160' title='bbox 440 1644 520 1688; x_wconf 88' lang='lat' dir='ltr'><strong>est</strong></span> <span class='ocrx_word' id='word_1_161' title='bbox 545 1640 743 1702; x_wconf 58' lang='lat' dir='ltr'><strong>ingens</strong></span> <span class='ocrx_word' id='word_1_162' title='bbox 772 1639 853 1688; x_wconf 89' lang='lat' dir='ltr'><strong>hic</strong></span> <span class='ocrx_word' id='word_1_163' title='bbox 878 1655 1030 1703; x_wconf 88' lang='lat' dir='ltr'><strong>rupes</strong></span> <span class='ocrx_word' id='word_1_164' title='bbox 1055 1637 1306 1686; x_wconf 80' lang='lat' dir='ltr'><strong>maxima!</strong></span> <span class='ocrx_word' id='word_1_165' title='bbox 1334 1637 1511 1686; x_wconf 87' lang='lat' dir='ltr'><strong>serval</strong></span> <span class='ocrx_word' id='word_1_166' title='bbox 1531 1639 1559 1666; x_wconf 87' lang='lat'><strong>&#39;’</strong></span> 
     </span>
     <span class='ocr_line' id='line_1_24' title="bbox 103 1706 1686 1771; baseline 0 -16"><span class='ocrx_word' id='word_1_167' title='bbox 103 1706 221 1755; x_wconf 82' lang='lat' dir='ltr'><strong>Non</strong></span> <span class='ocrx_word' id='word_1_168' title='bbox 247 1708 414 1770; x_wconf 87' lang='lat' dir='ltr'><strong>magis</strong></span> <span class='ocrx_word' id='word_1_169' title='bbox 440 1707 659 1756; x_wconf 84' lang='lat' dir='ltr'><strong>audierit</strong></span> <span class='ocrx_word' id='word_1_170' title='bbox 683 1723 837 1771; x_wconf 86' lang='lat' dir='ltr'><strong>quam</strong></span> <span class='ocrx_word' id='word_1_171' title='bbox 865 1708 1055 1756; x_wconf 79' lang='lat' dir='ltr'><strong>Fusius</strong></span> <span class='ocrx_word' id='word_1_172' title='bbox 1080 1707 1251 1754; x_wconf 88' lang='lat' dir='ltr'><strong>ebrius</strong></span> <span class='ocrx_word' id='word_1_173' title='bbox 1276 1706 1411 1763; x_wconf 91' lang='lat' dir='ltr'><strong>olim,</strong></span> <span class='ocrx_word' id='word_1_174' title='bbox 1623 1709 1686 1755; x_wconf 87' lang='grc'><strong>60</strong></span> 
     </span>
     <span class='ocr_line' id='line_1_25' title="bbox 106 1773 1429 1832; baseline -0.002 -9"><span class='ocrx_word' id='word_1_175' title='bbox 106 1773 237 1823; x_wconf 89' lang='lat' dir='ltr'><strong>Cum</strong></span> <span class='ocrx_word' id='word_1_176' title='bbox 264 1776 486 1824; x_wconf 89' lang='lat' dir='ltr'><strong>Ilionam</strong></span> <span class='ocrx_word' id='word_1_177' title='bbox 511 1776 743 1832; x_wconf 89' lang='lat' dir='ltr'><strong>edormit,</strong></span> <span class='ocrx_word' id='word_1_178' title='bbox 773 1775 1004 1822; x_wconf 83' lang='lat' dir='ltr'><strong>Catienis</strong></span> <span class='ocrx_word' id='word_1_179' title='bbox 1030 1775 1167 1831; x_wconf 81' lang='lat' dir='ltr'><strong>mille</strong></span> <span class='ocrx_word' id='word_1_180' title='bbox 1193 1774 1429 1821; x_wconf 89' lang='lat' dir='ltr'><strong>ducentis</strong></span> 
     </span>
    </p>

    <p class='ocr_par' dir='ltr' id='par_1_14' title="bbox 106 1833 1661 1958">
     <span class='ocr_line' id='line_1_26' title="bbox 106 1833 1661 1905; baseline -0.002 -15"><span class='ocrx_word' id='word_1_181' title='bbox 106 1846 134 1867; x_wconf 82' lang='lat'><strong>‘⁴</strong></span> <span class='ocrx_word' id='word_1_182' title='bbox 157 1842 338 1901; x_wconf 81' lang='lat' dir='ltr'><strong>Mater,</strong></span> <span class='ocrx_word' id='word_1_183' title='bbox 365 1848 409 1890; x_wconf 81' lang='lat' dir='ltr'><strong>le</strong></span> <span class='ocrx_word' id='word_1_184' title='bbox 435 1844 642 1905; x_wconf 84' lang='lat' dir='ltr'><strong>appello</strong></span> <span class='ocrx_word' id='word_1_185' title='bbox 661 1844 684 1889; x_wconf 91' lang='lat'><em>!</em></span> <span class='ocrx_word' id='word_1_186' title='bbox 703 1845 730 1870; x_wconf 88' lang='lat'><strong>&#39;’</strong></span> <span class='ocrx_word' id='word_1_187' title='bbox 766 1833 1158 1890; x_wconf 49' lang='lat' dir='ltr'><strong>clamantibus.</strong></span> <span class='ocrx_word' id='word_1_188' title='bbox 1186 1842 1327 1890; x_wconf 69' lang='lat' dir='ltr'><strong>‘Huic</strong></span> <span class='ocrx_word' id='word_1_189' title='bbox 1351 1855 1449 1904; x_wconf 86' lang='lat' dir='ltr'><strong>ego</strong></span> <span class='ocrx_word' id='word_1_190' title='bbox 1474 1839 1661 1903; x_wconf 85' lang='lat' dir='ltr'><strong>volgus</strong></span> 
     </span>
     <span class='ocr_line' id='line_1_27' title="bbox 106 1908 1300 1958; baseline -0.001 0"><span class='ocrx_word' id='word_1_191' title='bbox 106 1908 276 1958; x_wconf 84' lang='lat' dir='ltr'><strong>Errori</strong></span> <span class='ocrx_word' id='word_1_192' title='bbox 302 1910 523 1958; x_wconf 90' lang='lat' dir='ltr'><strong>similem</strong></span> <span class='ocrx_word' id='word_1_193' title='bbox 549 1917 790 1958; x_wconf 91' lang='lat' dir='ltr'><strong>cunctum</strong></span> <span class='ocrx_word' id='word_1_194' title='bbox 816 1911 1039 1958; x_wconf 90' lang='lat' dir='ltr'><strong>insanire</strong></span> <span class='ocrx_word' id='word_1_195' title='bbox 1065 1910 1300 1958; x_wconf 69' lang='lat' dir='ltr'><strong>docebo·</strong></span> 
     </span>
    </p>

    <p class='ocr_par' dir='ltr' id='par_1_15' title="bbox 106 1975 1399 2041">
     <span class='ocr_line' id='line_1_28' title="bbox 106 1975 1399 2041; baseline -0.001 -16"><span class='ocrx_word' id='word_1_196' title='bbox 106 1975 307 2026; x_wconf 79' lang='lat' dir='ltr'><strong>Insanit</strong></span> <span class='ocrx_word' id='word_1_197' title='bbox 330 1984 530 2026; x_wconf 83' lang='lat' dir='ltr'><strong>veteres</strong></span> <span class='ocrx_word' id='word_1_198' title='bbox 556 1984 757 2027; x_wconf 87' lang='lat' dir='ltr'><strong>statuas</strong></span> <span class='ocrx_word' id='word_1_199' title='bbox 787 1977 1132 2041; x_wconf 88' lang='lat' dir='ltr'><strong>Damasippus</strong></span> <span class='ocrx_word' id='word_1_200' title='bbox 1156 1977 1399 2025; x_wconf 84' lang='lat' dir='ltr'><strong>emendo:</strong></span> 
     </span>
    </p>

    <p class='ocr_par' dir='ltr' id='par_1_16' title="bbox 107 2041 1687 2314">
     <span class='ocr_line' id='line_1_29' title="bbox 107 2041 1687 2109; baseline -0.001 -17"><span class='ocrx_word' id='word_1_201' title='bbox 107 2043 311 2108; x_wconf 85' lang='lat' dir='ltr'><strong>Integer</strong></span> <span class='ocrx_word' id='word_1_202' title='bbox 335 2052 416 2094; x_wconf 85' lang='lat' dir='ltr'><strong>est</strong></span> <span class='ocrx_word' id='word_1_203' title='bbox 440 2046 630 2094; x_wconf 88' lang='lat' dir='ltr'><strong>mentis</strong></span> <span class='ocrx_word' id='word_1_204' title='bbox 658 2046 965 2109; x_wconf 88' lang='lat' dir='ltr'><strong>Damasippi</strong></span> <span class='ocrx_word' id='word_1_205' title='bbox 991 2044 1246 2094; x_wconf 83' lang='lat' dir='ltr'><strong>creditor?</strong></span> <span class='ocrx_word' id='word_1_206' title='bbox 1319 2041 1478 2091; x_wconf 83' lang='lat' dir='ltr'><strong>Esto!</strong></span> <span class='ocrx_word' id='word_1_207' title='bbox 1626 2045 1687 2092; x_wconf 89' lang='lat'><strong>65</strong></span> 
     </span>
     <span class='ocr_line' id='line_1_30' title="bbox 107 2111 1624 2178; baseline -0.002 -17"><span class='ocrx_word' id='word_1_208' title='bbox 107 2116 136 2137; x_wconf 80' lang='lat'><strong>‘⁶</strong></span> <span class='ocrx_word' id='word_1_209' title='bbox 155 2113 344 2178; x_wconf 82' lang='lat' dir='ltr'><strong>Accipe</strong></span> <span class='ocrx_word' id='word_1_210' title='bbox 369 2115 503 2177; x_wconf 92' lang='lat' dir='ltr'><strong>quod</strong></span> <span class='ocrx_word' id='word_1_211' title='bbox 531 2129 812 2178; x_wconf 90' lang='lat' dir='ltr'><strong>numquam</strong></span> <span class='ocrx_word' id='word_1_212' title='bbox 840 2113 1024 2162; x_wconf 87' lang='lat' dir='ltr'><strong>reddas</strong></span> <span class='ocrx_word' id='word_1_213' title='bbox 1050 2113 1226 2171; x_wconf 84' lang='lat' dir='ltr'><strong>mihi,”</strong></span> <span class='ocrx_word' id='word_1_214' title='bbox 1253 2112 1295 2159; x_wconf 92' lang='lat' dir='ltr'><strong>si</strong></span> <span class='ocrx_word' id='word_1_215' title='bbox 1321 2112 1417 2159; x_wconf 91' lang='lat' dir='ltr'><strong>tibi</strong></span> <span class='ocrx_word' id='word_1_216' title='bbox 1443 2111 1624 2170; x_wconf 87' lang='lat' dir='ltr'><strong>dicam,</strong></span> 
     </span>
     <span class='ocr_line' id='line_1_31' title="bbox 108 2178 1497 2245; baseline -0.002 -17"><span class='ocrx_word' id='word_1_217' title='bbox 108 2178 249 2229; x_wconf 86' lang='lat' dir='ltr'><strong>Tune</strong></span> <span class='ocrx_word' id='word_1_218' title='bbox 275 2181 486 2230; x_wconf 86' lang='lat' dir='ltr'><strong>insanus</strong></span> <span class='ocrx_word' id='word_1_219' title='bbox 511 2183 613 2230; x_wconf 86' lang='lat' dir='ltr'><strong>eris</strong></span> <span class='ocrx_word' id='word_1_220' title='bbox 640 2182 683 2229; x_wconf 88' lang='lat' dir='ltr'><strong>si</strong></span> <span class='ocrx_word' id='word_1_221' title='bbox 713 2181 1003 2245; x_wconf 85' lang='lat' dir='ltr'><strong>acceperis?</strong></span> <span class='ocrx_word' id='word_1_222' title='bbox 1041 2196 1105 2229; x_wconf 88' lang='lat' dir='ltr'><strong>an</strong></span> <span class='ocrx_word' id='word_1_223' title='bbox 1132 2180 1297 2242; x_wconf 86' lang='lat' dir='ltr'><strong>magis</strong></span> <span class='ocrx_word' id='word_1_224' title='bbox 1321 2193 1497 2226; x_wconf 88' lang='lat' dir='ltr'><strong>excors</strong></span> 
     </span>
     <span class='ocr_line' id='line_1_32' title="bbox 108 2245 1467 2314; baseline -0.002 -18"><span class='ocrx_word' id='word_1_225' title='bbox 108 2246 320 2308; x_wconf 76' lang='lat' dir='ltr'><strong>ReJecta</strong></span> <span class='ocrx_word' id='word_1_226' title='bbox 341 2250 544 2312; x_wconf 86' lang='lat' dir='ltr'><strong>praeda,</strong></span> <span class='ocrx_word' id='word_1_227' title='bbox 573 2265 725 2314; x_wconf 88' lang='lat' dir='ltr'><strong>quam</strong></span> <span class='ocrx_word' id='word_1_228' title='bbox 750 2264 992 2313; x_wconf 85' lang='lat' dir='ltr'><strong>praesens</strong></span> <span class='ocrx_word' id='word_1_229' title='bbox 1019 2248 1304 2296; x_wconf 88' lang='lat' dir='ltr'><strong>Mercurius</strong></span> <span class='ocrx_word' id='word_1_230' title='bbox 1330 2245 1467 2294; x_wconf 85' lang='lat' dir='ltr'><strong>fert?</strong></span> 
     </span>
    </p>

    <p class='ocr_par' dir='ltr' id='par_1_17' title="bbox 108 2313 1690 2515">
     <span class='ocr_line' id='line_1_33' title="bbox 109 2313 1577 2378; baseline -0.002 -15"><span class='ocrx_word' id='word_1_231' title='bbox 109 2313 282 2364; x_wconf 80' lang='lat' dir='ltr'><strong>Scribe</strong></span> <span class='ocrx_word' id='word_1_232' title='bbox 307 2316 477 2366; x_wconf 89' lang='lat' dir='ltr'><strong>decem</strong></span> <span class='ocrx_word' id='word_1_233' title='bbox 506 2333 536 2365; x_wconf 88' lang='lat' dir='ltr'><strong>a</strong></span> <span class='ocrx_word' id='word_1_234' title='bbox 561 2317 747 2378; x_wconf 78' lang='lat' dir='ltr'><strong>Neri03</strong></span> <span class='ocrx_word' id='word_1_235' title='bbox 784 2333 885 2365; x_wconf 92' lang='lat' dir='ltr'><strong>non</strong></span> <span class='ocrx_word' id='word_1_236' title='bbox 911 2323 990 2365; x_wconf 88' lang='lat' dir='ltr'><strong>est</strong></span> <span class='ocrx_word' id='word_1_237' title='bbox 1015 2317 1170 2363; x_wconf 87' lang='lat' dir='ltr'><strong>satis:</strong></span> <span class='ocrx_word' id='word_1_238' title='bbox 1210 2315 1338 2363; x_wconf 89' lang='lat' dir='ltr'><strong>adde</strong></span> <span class='ocrx_word' id='word_1_239' title='bbox 1367 2314 1577 2362; x_wconf 87' lang='lat' dir='ltr'><strong>Cicutae</strong></span> 
     </span>
     <span class='ocr_line' id='line_1_34' title="bbox 108 2381 1690 2443; baseline -0.002 -12"><span class='ocrx_word' id='word_1_240' title='bbox 108 2381 303 2432; x_wconf 85' lang='lat' dir='ltr'><strong>Nodosi</strong></span> <span class='ocrx_word' id='word_1_241' title='bbox 328 2385 535 2433; x_wconf 88' lang='lat' dir='ltr'><strong>tabulas</strong></span> <span class='ocrx_word' id='word_1_242' title='bbox 561 2391 781 2443; x_wconf 90' lang='lat' dir='ltr'><strong>centum,</strong></span> <span class='ocrx_word' id='word_1_243' title='bbox 809 2386 946 2432; x_wconf 89' lang='lat' dir='ltr'><strong>mille</strong></span> <span class='ocrx_word' id='word_1_244' title='bbox 973 2385 1101 2432; x_wconf 90' lang='lat' dir='ltr'><strong>adde</strong></span> <span class='ocrx_word' id='word_1_245' title='bbox 1128 2389 1362 2431; x_wconf 86' lang='lat' dir='ltr'><strong>catenas:</strong></span> <span class='ocrx_word' id='word_1_246' title='bbox 1629 2383 1690 2431; x_wconf 75' lang='lat'><strong>70</strong></span> 
     </span>
     <span class='ocr_line' id='line_1_35' title="bbox 110 2447 1470 2515; baseline -0.002 -17"><span class='ocrx_word' id='word_1_247' title='bbox 110 2447 333 2515; x_wconf 74' lang='lat' dir='ltr'><strong>Effugiet</strong></span> <span class='ocrx_word' id='word_1_248' title='bbox 357 2456 527 2500; x_wconf 87' lang='lat' dir='ltr'><strong>tamen</strong></span> <span class='ocrx_word' id='word_1_249' title='bbox 555 2452 678 2500; x_wconf 88' lang='lat' dir='ltr'><strong>haec</strong></span> <span class='ocrx_word' id='word_1_250' title='bbox 703 2453 982 2500; x_wconf 87' lang='lat' dir='ltr'><strong>sceleratus</strong></span> <span class='ocrx_word' id='word_1_251' title='bbox 1011 2451 1214 2499; x_wconf 88' lang='lat' dir='ltr'><strong>vincula</strong></span> <span class='ocrx_word' id='word_1_252' title='bbox 1240 2450 1470 2497; x_wconf 63' lang='lat' dir='ltr'><strong>Proteus</strong></span> 
     </span>
    </p>

    <p class='ocr_par' dir='ltr' id='par_1_18' title="bbox 110 2515 1288 2582">
     <span class='ocr_line' id='line_1_36' title="bbox 110 2515 1288 2582; baseline 0 -17"><span class='ocrx_word' id='word_1_253' title='bbox 110 2515 241 2566; x_wconf 89' lang='lat' dir='ltr'><strong>Cum</strong></span> <span class='ocrx_word' id='word_1_254' title='bbox 266 2519 435 2582; x_wconf 88' lang='lat' dir='ltr'><strong>rapies</strong></span> <span class='ocrx_word' id='word_1_255' title='bbox 459 2521 512 2567; x_wconf 90' lang='lat' dir='ltr'><strong>in</strong></span> <span class='ocrx_word' id='word_1_256' title='bbox 530 2522 617 2581; x_wconf 78' lang='lat' dir='ltr'><strong>Jus</strong></span> <span class='ocrx_word' id='word_1_257' title='bbox 643 2520 791 2567; x_wconf 91' lang='lat' dir='ltr'><strong>malis</strong></span> <span class='ocrx_word' id='word_1_258' title='bbox 818 2521 1067 2568; x_wconf 89' lang='lat' dir='ltr'><strong>ridentem</strong></span> <span class='ocrx_word' id='word_1_259' title='bbox 1094 2518 1288 2576; x_wconf 81' lang='lat' dir='ltr'><strong>alienis,</strong></span> 
     </span>
    </p>

    <p class='ocr_par' dir='ltr' id='par_1_19' title="bbox 109 2581 1672 2717">
     <span class='ocr_line' id='line_1_37' title="bbox 109 2581 1672 2649; baseline -0.002 -18"><span class='ocrx_word' id='word_1_260' title='bbox 109 2581 225 2634; x_wconf 78' lang='lat' dir='ltr'><strong>Fiet</strong></span> <span class='ocrx_word' id='word_1_261' title='bbox 248 2600 382 2649; x_wconf 87' lang='lat' dir='ltr'><strong>aper,</strong></span> <span class='ocrx_word' id='word_1_262' title='bbox 402 2587 553 2635; x_wconf 88' lang='lat' dir='ltr'><strong>modo</strong></span> <span class='ocrx_word' id='word_1_263' title='bbox 580 2588 706 2646; x_wconf 86' lang='lat' dir='ltr'><strong>avis,</strong></span> <span class='ocrx_word' id='word_1_264' title='bbox 723 2587 874 2635; x_wconf 90' lang='lat' dir='ltr'><strong>modo</strong></span> <span class='ocrx_word' id='word_1_265' title='bbox 901 2601 1095 2644; x_wconf 81' lang='lat' dir='ltr'><strong>saxum,</strong></span> <span class='ocrx_word' id='word_1_266' title='bbox 1118 2591 1183 2644; x_wconf 84' lang='lat' dir='ltr'><strong>et,</strong></span> <span class='ocrx_word' id='word_1_267' title='bbox 1207 2600 1321 2632; x_wconf 90' lang='lat' dir='ltr'><strong>cum</strong></span> <span class='ocrx_word' id='word_1_268' title='bbox 1343 2583 1493 2641; x_wconf 87' lang='lat' dir='ltr'><strong>volet,</strong></span> <span class='ocrx_word' id='word_1_269' title='bbox 1515 2581 1672 2629; x_wconf 88' lang='lat' dir='ltr'><strong>arbor.</strong></span> 
     </span>
     <span class='ocr_line' id='line_1_38' title="bbox 111 2649 1475 2717; baseline -0.003 -17"><span class='ocrx_word' id='word_1_270' title='bbox 111 2649 165 2700; x_wconf 83' lang='lat' dir='ltr'><strong>si</strong></span> <span class='ocrx_word' id='word_1_271' title='bbox 189 2652 320 2702; x_wconf 87' lang='lat' dir='ltr'><strong>male</strong></span> <span class='ocrx_word' id='word_1_272' title='bbox 345 2668 450 2702; x_wconf 88' lang='lat' dir='ltr'><strong>rem</strong></span> <span class='ocrx_word' id='word_1_273' title='bbox 475 2669 649 2717; x_wconf 87' lang='lat' dir='ltr'><strong>gerere</strong></span> <span class='ocrx_word' id='word_1_274' title='bbox 677 2654 845 2703; x_wconf 89' lang='lat' dir='ltr'><strong>insani</strong></span> <span class='ocrx_word' id='word_1_275' title='bbox 870 2659 964 2714; x_wconf 82' lang='lat' dir='ltr'><strong>est,</strong></span> <span class='ocrx_word' id='word_1_276' title='bbox 993 2659 1170 2702; x_wconf 89' lang='lat' dir='ltr'><strong>contra</strong></span> <span class='ocrx_word' id='word_1_277' title='bbox 1195 2653 1320 2699; x_wconf 87' lang='lat' dir='ltr'><strong>bene</strong></span> <span class='ocrx_word' id='word_1_278' title='bbox 1348 2650 1475 2709; x_wconf 88' lang='lat' dir='ltr'><strong>sani,</strong></span> 
     </span>
    </p>
   </div>
   <div class='ocr_carea' id='block_1_4' title="bbox 222 2796 1567 2900">
    <p class='ocr_par' dir='ltr' id='par_1_20' title="bbox 222 2796 1567 2900">
     <span class='ocr_line' id='line_1_39' title="bbox 222 2796 1567 2852; baseline -0.004 -15"><span class='ocrx_word' id='word_1_279' title='bbox 222 2798 271 2837; x_wconf 74' lang='lat'><strong>8⁹</strong></span> <span class='ocrx_word' id='word_1_280' title='bbox 290 2803 406 2848; x_wconf 70' lang='lat' dir='ltr'><strong>urget</strong></span> <span class='ocrx_word' id='word_1_281' title='bbox 474 2802 522 2839; x_wconf 79' lang='lat'><strong>48</strong></span> <span class='ocrx_word' id='word_1_282' title='bbox 542 2802 676 2839; x_wconf 79' lang='lat' dir='ltr'><strong>insani</strong></span> <span class='ocrx_word' id='word_1_283' title='bbox 747 2802 794 2839; x_wconf 78' lang='lat'><strong>5⁰</strong></span> <span class='ocrx_word' id='word_1_284' title='bbox 814 2803 994 2852; x_wconf 80' lang='lat' dir='ltr'><strong>utrisque</strong></span> <span class='ocrx_word' id='word_1_285' title='bbox 1066 2802 1113 2837; x_wconf 80' lang='lat'><strong>56</strong></span> <span class='ocrx_word' id='word_1_286' title='bbox 1134 2800 1289 2837; x_wconf 86' lang='lat' dir='ltr'><strong>varium</strong></span> <span class='ocrx_word' id='word_1_287' title='bbox 1362 2798 1407 2833; x_wconf 84' lang='lat'><strong>60</strong></span> <span class='ocrx_word' id='word_1_288' title='bbox 1431 2796 1567 2833; x_wconf 71' lang='lat' dir='ltr'><strong>Fufius</strong></span> 
     </span>
     <span class='ocr_line' id='line_1_40' title="bbox 436 2850 1351 2900; baseline -0.005 -11"><span class='ocrx_word' id='word_1_289' title='bbox 436 2853 484 2889; x_wconf 78' lang='lat'><strong>⁶2</strong></span> <span class='ocrx_word' id='word_1_290' title='bbox 504 2853 670 2900; x_wconf 69' lang='lat' dir='ltr'><strong>vulgum</strong></span> <span class='ocrx_word' id='word_1_291' title='bbox 826 2853 873 2889; x_wconf 74' lang='lat'><strong>69</strong></span> <span class='ocrx_word' id='word_1_292' title='bbox 893 2864 918 2889; x_wconf 83' lang='lat' dir='ltr'><strong>a</strong></span> <span class='ocrx_word' id='word_1_293' title='bbox 936 2853 1038 2888; x_wconf 77' lang='lat' dir='ltr'><strong>omit.</strong></span> <span class='ocrx_word' id='word_1_294' title='bbox 1195 2850 1240 2887; x_wconf 88' lang='grc'><strong>72</strong></span> <span class='ocrx_word' id='word_1_295' title='bbox 1262 2850 1351 2885; x_wconf 78' lang='lat' dir='ltr'><strong>iura</strong></span> 
     </span>
    </p>
   </div>
  </div>
 </body>
</html>
