<?xml version="1.0" encoding="UTF-8"?>
<!DOCTYPE html PUBLIC "-//W3C//DTD XHTML 1.0 Transitional//EN"
    "http://www.w3.org/TR/xhtml1/DTD/xhtml1-transitional.dtd">
<html xmlns="http://www.w3.org/1999/xhtml" xml:lang="en" lang="en">
 <head>
  <title>
</title>
<meta http-equiv="Content-Type" content="text/html;charset=utf-8" />
  <meta name='ocr-system' content='tesseract 3.04.00' />
  <meta name='ocr-capabilities' content='ocr_page ocr_carea ocr_par ocr_line ocrx_word'/>
</head>
<body>
  <div class='ocr_page' id='page_1' title='image "./workschase00horauoft_0172.png"; bbox 0 0 1878 3054; ppageno 0'>
   <div class='ocr_carea' id='block_1_1' title="bbox 210 131 1304 186">
    <p class='ocr_par' dir='ltr' id='par_1_1' title="bbox 210 131 1304 186">
     <span class='ocr_line' id='line_1_1' title="bbox 210 131 1304 186; baseline 0.002 -4"><span class='ocrx_word' id='word_1_1' title='bbox 210 131 311 182; x_wconf 88' lang='grc'>168</span> <span class='ocrx_word' id='word_1_2' title='bbox 652 145 891 182; x_wconf 76' lang='lat' dir='ltr'>HORA&#39;rr</span> <span class='ocrx_word' id='word_1_3' title='bbox 935 145 1304 186; x_wconf 73' lang='lat' dir='ltr'>SATIRARVM</span> 
     </span>
    </p>
   </div>
   <div class='ocr_carea' id='block_1_2' title="bbox 204 270 1771 406">
    <p class='ocr_par' dir='ltr' id='par_1_2' title="bbox 204 270 1771 406">
     <span class='ocr_line' id='line_1_2' title="bbox 206 270 1771 337; baseline 0.005 -19"><span class='ocrx_word' id='word_1_4' title='bbox 206 270 445 321; x_wconf 88' lang='lat' dir='ltr'>Putidius</span> <span class='ocrx_word' id='word_1_5' title='bbox 470 275 633 321; x_wconf 90' lang='lat' dir='ltr'>multo</span> <span class='ocrx_word' id='word_1_6' title='bbox 660 277 916 322; x_wconf 89' lang='lat' dir='ltr'>cerebrum</span> <span class='ocrx_word' id='word_1_7' title='bbox 943 281 1035 335; x_wconf 87' lang='lat' dir='ltr'>est,</span> <span class='ocrx_word' id='word_1_8' title='bbox 1063 276 1188 323; x_wconf 88' lang='lat' dir='ltr'>mihi</span> <span class='ocrx_word' id='word_1_9' title='bbox 1215 277 1373 335; x_wconf 89' lang='lat' dir='ltr'>crede,</span> <span class='ocrx_word' id='word_1_10' title='bbox 1405 278 1603 337; x_wconf 89' lang='lat' dir='ltr'>Perelli,</span> <span class='ocrx_word' id='word_1_11' title='bbox 1709 278 1771 329; x_wconf 72' lang='lat'>’15</span> 
     </span>
     <span class='ocr_line' id='line_1_3' title="bbox 204 340 1508 406; baseline 0.003 -18"><span class='ocrx_word' id='word_1_12' title='bbox 204 340 462 388; x_wconf 88' lang='lat' dir='ltr'>Dictantis</span> <span class='ocrx_word' id='word_1_13' title='bbox 487 342 622 404; x_wconf 90' lang='lat' dir='ltr'>quod</span> <span class='ocrx_word' id='word_1_14' title='bbox 647 347 702 388; x_wconf 90' lang='lat' dir='ltr'>tu</span> <span class='ocrx_word' id='word_1_15' title='bbox 730 358 1006 404; x_wconf 86' lang='lat' dir='ltr'><strong>numquam</strong></span> <span class='ocrx_word' id='word_1_16' title='bbox 1032 344 1303 391; x_wconf 82' lang='lat' dir='ltr'>rescribere</span> <span class='ocrx_word' id='word_1_17' title='bbox 1327 345 1508 406; x_wconf 83' lang='lat' dir='ltr'>possiS.</span> 
     </span>
    </p>
   </div>
   <div class='ocr_carea' id='block_1_3' title="bbox 202 474 1776 802">
    <p class='ocr_par' dir='ltr' id='par_1_3' title="bbox 202 474 1776 802">
     <span class='ocr_line' id='line_1_4' title="bbox 271 474 1607 539; baseline 0.002 -18"><span class='ocrx_word' id='word_1_18' title='bbox 271 474 466 522; x_wconf 90' lang='lat' dir='ltr'>Audire</span> <span class='ocrx_word' id='word_1_19' title='bbox 494 480 644 537; x_wconf 89' lang='lat' dir='ltr'>atque</span> <span class='ocrx_word' id='word_1_20' title='bbox 670 480 843 537; x_wconf 87' lang='lat' dir='ltr'>togam</span> <span class='ocrx_word' id='word_1_21' title='bbox 860 476 1013 537; x_wconf 91' lang='lat' dir='ltr'>jubeo</span> <span class='ocrx_word' id='word_1_22' title='bbox 1038 491 1348 539; x_wconf 90' lang='lat' dir='ltr'>componere,</span> <span class='ocrx_word' id='word_1_23' title='bbox 1376 476 1607 539; x_wconf 81' lang='lat' dir='ltr'>quisquis</span> 
     </span>
     <span class='ocr_line' id='line_1_5' title="bbox 203 540 1388 605; baseline 0.003 -18"><span class='ocrx_word' id='word_1_24' title='bbox 203 540 500 588; x_wconf 85' lang='lat' dir='ltr'>Ambitione</span> <span class='ocrx_word' id='word_1_25' title='bbox 525 543 660 589; x_wconf 88' lang='lat' dir='ltr'>mala</span> <span class='ocrx_word' id='word_1_26' title='bbox 686 548 772 589; x_wconf 91' lang='lat' dir='ltr'>aut</span> <span class='ocrx_word' id='word_1_27' title='bbox 798 543 993 604; x_wconf 82' lang='lat' dir='ltr'>argenti</span> <span class='ocrx_word' id='word_1_28' title='bbox 1017 544 1176 605; x_wconf 88' lang='lat' dir='ltr'>pallet</span> <span class='ocrx_word' id='word_1_29' title='bbox 1203 558 1388 602; x_wconf 88' lang='lat' dir='ltr'>amore,</span> 
     </span>
     <span class='ocr_line' id='line_1_6' title="bbox 204 608 1281 672; baseline 0.004 -19"><span class='ocrx_word' id='word_1_30' title='bbox 204 608 448 669; x_wconf 80' lang='lat' dir='ltr'>Quisquis</span> <span class='ocrx_word' id='word_1_31' title='bbox 474 609 673 656; x_wconf 87' lang='lat' dir='ltr'>luxuria</span> <span class='ocrx_word' id='word_1_32' title='bbox 698 609 898 656; x_wconf 80' lang='lat' dir='ltr'>tristive</span> <span class='ocrx_word' id='word_1_33' title='bbox 926 610 1281 672; x_wconf 86' lang='lat' dir='ltr'>superstitione</span> 
     </span>
     <span class='ocr_line' id='line_1_7' title="bbox 202 674 1776 739; baseline 0.003 -19"><span class='ocrx_word' id='word_1_34' title='bbox 202 674 312 721; x_wconf 92' lang='lat' dir='ltr'>Aut</span> <span class='ocrx_word' id='word_1_35' title='bbox 337 675 435 721; x_wconf 90' lang='lat' dir='ltr'>alio</span> <span class='ocrx_word' id='word_1_36' title='bbox 462 677 648 723; x_wconf 90' lang='lat' dir='ltr'>mentis</span> <span class='ocrx_word' id='word_1_37' title='bbox 673 676 850 722; x_wconf 90' lang='lat' dir='ltr'>morbo</span> <span class='ocrx_word' id='word_1_38' title='bbox 875 677 1034 737; x_wconf 84' lang='lat' dir='ltr'>calet;</span> <span class='ocrx_word' id='word_1_39' title='bbox 1071 677 1169 724; x_wconf 94' lang='lat' dir='ltr'>huc</span> <span class='ocrx_word' id='word_1_40' title='bbox 1192 676 1403 739; x_wconf 88' lang='lat' dir='ltr'>propius</span> <span class='ocrx_word' id='word_1_41' title='bbox 1427 692 1522 737; x_wconf 86' lang='lat' dir='ltr'>me,</span> <span class='ocrx_word' id='word_1_42' title='bbox 1714 680 1776 725; x_wconf 88' lang='lat'>80</span> 
     </span>
     <span class='ocr_line' id='line_1_8' title="bbox 203 740 1578 802; baseline 0.003 -15"><span class='ocrx_word' id='word_1_43' title='bbox 203 740 339 788; x_wconf 92' lang='lat' dir='ltr'>Dum</span> <span class='ocrx_word' id='word_1_44' title='bbox 366 742 521 789; x_wconf 89' lang='lat' dir='ltr'>doceo</span> <span class='ocrx_word' id='word_1_45' title='bbox 546 743 766 790; x_wconf 88' lang='lat' dir='ltr'>insanire</span> <span class='ocrx_word' id='word_1_46' title='bbox 793 758 981 802; x_wconf 91' lang='lat' dir='ltr'>omnes,</span> <span class='ocrx_word' id='word_1_47' title='bbox 1012 758 1105 791; x_wconf 89' lang='lat' dir='ltr'>vos</span> <span class='ocrx_word' id='word_1_48' title='bbox 1129 743 1306 791; x_wconf 86' lang='lat' dir='ltr'>ordine</span> <span class='ocrx_word' id='word_1_49' title='bbox 1327 744 1475 791; x_wconf 85' lang='lat' dir='ltr'>adite.</span> <span class='ocrx_word' id='word_1_50' title='bbox 1522 766 1578 794; x_wconf 33' lang='grc' dir='ltr'>χ’</span> 
     </span>
    </p>
   </div>
   <div class='ocr_carea' id='block_1_4' title="bbox 202 874 1779 1541">
    <p class='ocr_par' dir='ltr' id='par_1_4' title="bbox 202 874 1588 1074">
     <span class='ocr_line' id='line_1_9' title="bbox 270 874 1588 940; baseline 0.002 -19"><span class='ocrx_word' id='word_1_51' title='bbox 270 874 456 922; x_wconf 89' lang='lat' dir='ltr'>Danda</span> <span class='ocrx_word' id='word_1_52' title='bbox 480 881 559 924; x_wconf 89' lang='lat' dir='ltr'>est</span> <span class='ocrx_word' id='word_1_53' title='bbox 583 877 785 924; x_wconf 91' lang='lat' dir='ltr'>ellebori</span> <span class='ocrx_word' id='word_1_54' title='bbox 814 878 973 925; x_wconf 92' lang='lat' dir='ltr'>multo</span> <span class='ocrx_word' id='word_1_55' title='bbox 998 893 1115 940; x_wconf 87' lang='lat' dir='ltr'>pars</span> <span class='ocrx_word' id='word_1_56' title='bbox 1138 878 1361 925; x_wconf 87' lang='lat' dir='ltr'>maxima</span> <span class='ocrx_word' id='word_1_57' title='bbox 1387 878 1555 924; x_wconf 86' lang='lat' dir='ltr'>avaris</span> <span class='ocrx_word' id='word_1_58' title='bbox 1575 895 1588 938; x_wconf 89' lang='lat'>;</span> 
     </span>
     <span class='ocr_line' id='line_1_10' title="bbox 202 941 1573 1006; baseline 0.004 -19"><span class='ocrx_word' id='word_1_59' title='bbox 202 941 389 988; x_wconf 90' lang='lat' dir='ltr'>Nescio</span> <span class='ocrx_word' id='word_1_60' title='bbox 416 958 479 989; x_wconf 89' lang='lat' dir='ltr'>an</span> <span class='ocrx_word' id='word_1_61' title='bbox 507 944 813 1006; x_wconf 81' lang='lat' dir='ltr'>Anticyram</span> <span class='ocrx_word' id='word_1_62' title='bbox 838 946 967 991; x_wconf 89' lang='lat' dir='ltr'>ratio</span> <span class='ocrx_word' id='word_1_63' title='bbox 993 945 1092 991; x_wconf 92' lang='lat' dir='ltr'>illis</span> <span class='ocrx_word' id='word_1_64' title='bbox 1116 945 1337 992; x_wconf 87' lang='lat' dir='ltr'>destinet</span> <span class='ocrx_word' id='word_1_65' title='bbox 1362 959 1573 992; x_wconf 88' lang='lat' dir='ltr'>omnem.</span> 
     </span>
     <span class='ocr_line' id='line_1_11' title="bbox 203 1008 1493 1074; baseline 0.002 -19"><span class='ocrx_word' id='word_1_66' title='bbox 203 1008 434 1056; x_wconf 90' lang='lat' dir='ltr'>Heredes</span> <span class='ocrx_word' id='word_1_67' title='bbox 462 1009 664 1058; x_wconf 85' lang='lat' dir='ltr'>Staberi</span> <span class='ocrx_word' id='word_1_68' title='bbox 690 1026 942 1060; x_wconf 88' lang='lat' dir='ltr'>summam</span> <span class='ocrx_word' id='word_1_69' title='bbox 967 1011 1189 1060; x_wconf 81' lang='lat' dir='ltr'>incidere</span> <span class='ocrx_word' id='word_1_70' title='bbox 1214 1011 1493 1074; x_wconf 90' lang='lat' dir='ltr'>sepulchro,</span> 
     </span>
    </p>

    <p class='ocr_par' dir='ltr' id='par_1_5' title="bbox 204 1074 1777 1342">
     <span class='ocr_line' id='line_1_12' title="bbox 204 1074 1777 1155; baseline 0.003 -34"><span class='ocrx_word' id='word_1_71' title='bbox 204 1074 273 1122; x_wconf 89' lang='lat' dir='ltr'>Ni</span> <span class='ocrx_word' id='word_1_72' title='bbox 301 1076 373 1122; x_wconf 90' lang='lat' dir='ltr'>sic</span> <span class='ocrx_word' id='word_1_73' title='bbox 400 1077 652 1135; x_wconf 84' lang='lat' dir='ltr'>fecissent,</span> <span class='ocrx_word' id='word_1_74' title='bbox 680 1078 1024 1155; x_wconf 81' lang='lat' dir='ltr'>gladiatorum</span> <span class='ocrx_word' id='word_1_75' title='bbox 1049 1079 1167 1126; x_wconf 82' lang='lat' dir='ltr'>dare</span> <span class='ocrx_word' id='word_1_76' title='bbox 1194 1083 1394 1125; x_wconf 88' lang='lat' dir='ltr'>centum</span> <span class='ocrx_word' id='word_1_77' title='bbox 1715 1087 1777 1133; x_wconf 87' lang='lat'>85</span> 
     </span>
     <span class='ocr_line' id='line_1_13' title="bbox 205 1142 1635 1208; baseline 0.002 -19"><span class='ocrx_word' id='word_1_78' title='bbox 205 1142 447 1190; x_wconf 86' lang='lat' dir='ltr'>Damnati</span> <span class='ocrx_word' id='word_1_79' title='bbox 473 1145 661 1207; x_wconf 90' lang='lat' dir='ltr'>populo</span> <span class='ocrx_word' id='word_1_80' title='bbox 686 1146 829 1207; x_wconf 87' lang='lat' dir='ltr'>paria</span> <span class='ocrx_word' id='word_1_81' title='bbox 854 1151 1006 1207; x_wconf 88' lang='lat' dir='ltr'>atque</span> <span class='ocrx_word' id='word_1_82' title='bbox 1032 1146 1236 1208; x_wconf 87' lang='lat' dir='ltr'>epulum</span> <span class='ocrx_word' id='word_1_83' title='bbox 1264 1145 1472 1194; x_wconf 84' lang='lat' dir='ltr'>arbitrio</span> <span class='ocrx_word' id='word_1_84' title='bbox 1499 1144 1635 1204; x_wconf 89' lang='lat' dir='ltr'>Arri,</span> 
     </span>
     <span class='ocr_line' id='line_1_14' title="bbox 204 1209 1675 1275; baseline 0.002 -19"><span class='ocrx_word' id='word_1_85' title='bbox 204 1209 467 1257; x_wconf 85' lang='lat' dir='ltr'>Frumenti</span> <span class='ocrx_word' id='word_1_86' title='bbox 495 1218 741 1273; x_wconf 90' lang='lat' dir='ltr'>quantum</span> <span class='ocrx_word' id='word_1_87' title='bbox 771 1213 915 1259; x_wconf 91' lang='lat' dir='ltr'>metit</span> <span class='ocrx_word' id='word_1_88' title='bbox 943 1212 1132 1260; x_wconf 84' lang='lat' dir='ltr'>Africa</span> <span class='ocrx_word' id='word_1_89' title='bbox 1206 1211 1377 1259; x_wconf 84' lang='lat' dir='ltr'>“Sive</span> <span class='ocrx_word' id='word_1_90' title='bbox 1402 1227 1497 1274; x_wconf 88' lang='lat' dir='ltr'>ego</span> <span class='ocrx_word' id='word_1_91' title='bbox 1522 1226 1675 1275; x_wconf 84' lang='lat' dir='ltr'>prave</span> 
     </span>
     <span class='ocr_line' id='line_1_15' title="bbox 205 1271 1626 1342; baseline 0.002 -19"><span class='ocrx_word' id='word_1_92' title='bbox 205 1271 306 1324; x_wconf 86' lang='lat' dir='ltr'>Seu</span> <span class='ocrx_word' id='word_1_93' title='bbox 331 1283 464 1324; x_wconf 90' lang='lat' dir='ltr'>recte</span> <span class='ocrx_word' id='word_1_94' title='bbox 491 1278 584 1325; x_wconf 89' lang='lat' dir='ltr'>hoc</span> <span class='ocrx_word' id='word_1_95' title='bbox 611 1279 762 1337; x_wconf 87' lang='lat' dir='ltr'>volui,</span> <span class='ocrx_word' id='word_1_96' title='bbox 792 1295 854 1327; x_wconf 89' lang='lat' dir='ltr'>ne</span> <span class='ocrx_word' id='word_1_97' title='bbox 880 1279 951 1326; x_wconf 90' lang='lat' dir='ltr'>sis</span> <span class='ocrx_word' id='word_1_98' title='bbox 975 1284 1188 1342; x_wconf 90' lang='lat' dir='ltr'>patruus</span> <span class='ocrx_word' id='word_1_99' title='bbox 1213 1278 1353 1326; x_wconf 89' lang='lat' dir='ltr'>mihi.</span> <span class='ocrx_word' id='word_1_100' title='bbox 1362 1280 1390 1320; x_wconf 86' lang='lat'>&#39;.’</span> <span class='ocrx_word' id='word_1_101' title='bbox 1463 1278 1626 1326; x_wconf 87' lang='lat' dir='ltr'>Credo</span> 
     </span>
    </p>

    <p class='ocr_par' dir='ltr' id='par_1_6' title="bbox 205 1343 1779 1541">
     <span class='ocr_line' id='line_1_16' title="bbox 206 1343 1704 1409; baseline 0.001 -18"><span class='ocrx_word' id='word_1_102' title='bbox 206 1344 320 1391; x_wconf 91' lang='lat' dir='ltr'>Hoc</span> <span class='ocrx_word' id='word_1_103' title='bbox 347 1343 540 1392; x_wconf 88' lang='lat' dir='ltr'>Staberi</span> <span class='ocrx_word' id='word_1_104' title='bbox 567 1347 865 1409; x_wconf 87' lang='lat' dir='ltr'>prudentem</span> <span class='ocrx_word' id='word_1_105' title='bbox 893 1347 1118 1393; x_wconf 89' lang='lat' dir='ltr'>animum</span> <span class='ocrx_word' id='word_1_106' title='bbox 1146 1346 1350 1394; x_wconf 80' lang='lat' dir='ltr'>vidisse</span> <span class='ocrx_word' id='word_1_107' title='bbox 1424 1345 1557 1406; x_wconf 80' lang='lat' dir='ltr'>Quid</span> <span class='ocrx_word' id='word_1_108' title='bbox 1582 1360 1704 1407; x_wconf 84' lang='lat' dir='ltr'>ergo</span> 
     </span>
     <span class='ocr_line' id='line_1_17' title="bbox 206 1410 1779 1489; baseline 0.001 -31"><span class='ocrx_word' id='word_1_109' title='bbox 206 1410 392 1469; x_wconf 83' lang='lat' dir='ltr'>Sensit,</span> <span class='ocrx_word' id='word_1_110' title='bbox 419 1427 533 1459; x_wconf 93' lang='lat' dir='ltr'>cum</span> <span class='ocrx_word' id='word_1_111' title='bbox 560 1428 813 1460; x_wconf 87' lang='lat' dir='ltr'>summam</span> <span class='ocrx_word' id='word_1_112' title='bbox 837 1413 1106 1475; x_wconf 84' lang='lat' dir='ltr'>patrimoni</span> <span class='ocrx_word' id='word_1_113' title='bbox 1134 1412 1416 1489; x_wconf 87' lang='lat' dir='ltr'>insculpere</span> <span class='ocrx_word' id='word_1_114' title='bbox 1443 1427 1568 1459; x_wconf 86' lang='lat' dir='ltr'>saxo</span> <span class='ocrx_word' id='word_1_115' title='bbox 1718 1421 1779 1468; x_wconf 82' lang='lat'>90</span> 
     </span>
     <span class='ocr_line' id='line_1_18' title="bbox 205 1477 1527 1541; baseline 0.002 -17"><span class='ocrx_word' id='word_1_116' title='bbox 205 1477 435 1526; x_wconf 85' lang='lat' dir='ltr'>Heredes</span> <span class='ocrx_word' id='word_1_117' title='bbox 462 1479 651 1527; x_wconf 88' lang='lat' dir='ltr'>voluit.</span> <span class='ocrx_word' id='word_1_118' title='bbox 640 1478 660 1515; x_wconf 64' lang='grc' dir='ltr'><em>Ῥ</em></span> <span class='ocrx_word' id='word_1_119' title='bbox 733 1481 914 1541; x_wconf 77' lang='lat' dir='ltr'>Quoad</span> <span class='ocrx_word' id='word_1_120' title='bbox 943 1480 1081 1538; x_wconf 87' lang='lat' dir='ltr'>vixit,</span> <span class='ocrx_word' id='word_1_121' title='bbox 1109 1479 1359 1528; x_wconf 88' lang='lat' dir='ltr'>eredidit</span> <span class='ocrx_word' id='word_1_122' title='bbox 1346 1494 1527 1540; x_wconf 80' lang='lat' dir='ltr'>ingens</span> 
     </span>
    </p>
   </div>
   <div class='ocr_carea' id='block_1_5' title="bbox 203 1537 1841 1810">
    <p class='ocr_par' dir='ltr' id='par_1_7' title="bbox 204 1537 1841 1676">
     <span class='ocr_line' id='line_1_19' title="bbox 205 1537 1841 1649; baseline 0.001 -58"><span class='ocrx_word' id='word_1_123' title='bbox 205 1545 502 1608; x_wconf 88' lang='lat' dir='ltr'>Pauperiem</span> <span class='ocrx_word' id='word_1_124' title='bbox 531 1547 710 1593; x_wconf 88' lang='lat' dir='ltr'>vitium</span> <span class='ocrx_word' id='word_1_125' title='bbox 737 1551 788 1594; x_wconf 89' lang='lat' dir='ltr'>et</span> <span class='ocrx_word' id='word_1_126' title='bbox 814 1547 950 1594; x_wconf 86' lang='lat' dir='ltr'>cavit</span> <span class='ocrx_word' id='word_1_127' title='bbox 975 1547 1102 1594; x_wconf 90' lang='lat' dir='ltr'>nihil</span> <span class='ocrx_word' id='word_1_128' title='bbox 1129 1547 1306 1604; x_wconf 89' lang='lat' dir='ltr'>acrius,</span> <span class='ocrx_word' id='word_1_129' title='bbox 1333 1550 1403 1604; x_wconf 86' lang='lat' dir='ltr'>ut,</span> <span class='ocrx_word' id='word_1_130' title='bbox 1432 1545 1476 1592; x_wconf 88' lang='lat' dir='ltr'>si</span> <span class='ocrx_word' id='word_1_131' title='bbox 1525 1587 1588 1623; x_wconf 60' lang='lat'><em>)</em></span> <span class='ocrx_word' id='word_1_132' title='bbox 1696 1587 1702 1592; x_wconf 92' lang='lat'>.</span> <span class='ocrx_word' id='word_1_133' title='bbox 1726 1537 1841 1649; x_wconf 29' lang='lat' dir='ltr'>»ab</span> 
     </span>
     <span class='ocr_line' id='line_1_20' title="bbox 204 1611 1533 1677; baseline 0.001 -19"><span class='ocrx_word' id='word_1_134' title='bbox 204 1611 358 1660; x_wconf 87' lang='lat' dir='ltr'>Forte</span> <span class='ocrx_word' id='word_1_135' title='bbox 383 1613 552 1660; x_wconf 89' lang='lat' dir='ltr'>minus</span> <span class='ocrx_word' id='word_1_136' title='bbox 578 1614 801 1676; x_wconf 89' lang='lat' dir='ltr'>locuples</span> <span class='ocrx_word' id='word_1_137' title='bbox 826 1629 928 1661; x_wconf 91' lang='lat' dir='ltr'>uno</span> <span class='ocrx_word' id='word_1_138' title='bbox 953 1614 1234 1677; x_wconf 84' lang='lat' dir='ltr'>quadrante</span> <span class='ocrx_word' id='word_1_139' title='bbox 1258 1611 1533 1676; x_wconf 73' lang='lat' dir='ltr'>perisset,⁴</span> 
     </span>
    </p>

    <p class='ocr_par' dir='ltr' id='par_1_8' title="bbox 203 1678 1476 1743">
     <span class='ocr_line' id='line_1_21' title="bbox 203 1678 1476 1743; baseline 0 -17"><span class='ocrx_word' id='word_1_140' title='bbox 203 1678 322 1742; x_wconf 90' lang='lat' dir='ltr'>Ipse</span> <span class='ocrx_word' id='word_1_141' title='bbox 350 1679 609 1727; x_wconf 89' lang='lat' dir='ltr'>videretur</span> <span class='ocrx_word' id='word_1_142' title='bbox 633 1681 729 1728; x_wconf 91' lang='lat' dir='ltr'>sibi</span> <span class='ocrx_word' id='word_1_143' title='bbox 756 1681 994 1743; x_wconf 88' lang='lat' dir='ltr'>nequior:</span> <span class='ocrx_word' id='word_1_144' title='bbox 1033 1681 1197 1728; x_wconf 89' lang='lat' dir='ltr'>omnis</span> <span class='ocrx_word' id='word_1_145' title='bbox 1220 1680 1354 1728; x_wconf 87' lang='lat' dir='ltr'>enim</span> <span class='ocrx_word' id='word_1_146' title='bbox 1380 1694 1476 1736; x_wconf 89' lang='lat' dir='ltr'>res,</span> 
     </span>
    </p>

    <p class='ocr_par' dir='ltr' id='par_1_9' title="bbox 203 1744 1781 1810">
     <span class='ocr_line' id='line_1_22' title="bbox 203 1744 1781 1810; baseline 0.002 -19"><span class='ocrx_word' id='word_1_147' title='bbox 203 1744 399 1803; x_wconf 86' lang='lat' dir='ltr'>Virtus</span> <span class='ocrx_word' id='word_1_148' title='bbox 428 1747 578 1804; x_wconf 87' lang='lat' dir='ltr'>fama,</span> <span class='ocrx_word' id='word_1_149' title='bbox 607 1748 774 1805; x_wconf 89' lang='lat' dir='ltr'>decus,</span> <span class='ocrx_word' id='word_1_150' title='bbox 803 1748 978 1795; x_wconf 83' lang='lat' dir='ltr'>divina</span> <span class='ocrx_word' id='word_1_151' title='bbox 1004 1747 1327 1810; x_wconf 87' lang='lat' dir='ltr'>humanaque</span> <span class='ocrx_word' id='word_1_152' title='bbox 1351 1745 1577 1809; x_wconf 87' lang='lat' dir='ltr'>pulchris</span> <span class='ocrx_word' id='word_1_153' title='bbox 1721 1754 1781 1801; x_wconf 83' lang='lat'>95</span> 
     </span>
    </p>
   </div>
   <div class='ocr_carea' id='block_1_6' title="bbox 202 1812 1782 2679">
    <p class='ocr_par' dir='ltr' id='par_1_10' title="bbox 203 1812 1408 1878">
     <span class='ocr_line' id='line_1_23' title="bbox 203 1812 1408 1878; baseline 0.001 -19"><span class='ocrx_word' id='word_1_154' title='bbox 203 1812 413 1860; x_wconf 90' lang='lat' dir='ltr'>Divitiis</span> <span class='ocrx_word' id='word_1_155' title='bbox 437 1819 645 1876; x_wconf 84' lang='lat' dir='ltr'>parent3</span> <span class='ocrx_word' id='word_1_156' title='bbox 682 1830 810 1877; x_wconf 87' lang='lat' dir='ltr'>quas</span> <span class='ocrx_word' id='word_1_157' title='bbox 835 1815 922 1878; x_wconf 85' lang='lat' dir='ltr'>qui</span> <span class='ocrx_word' id='word_1_158' title='bbox 947 1815 1299 1872; x_wconf 85' lang='lat' dir='ltr'>construxerit,</span> <span class='ocrx_word' id='word_1_159' title='bbox 1326 1813 1408 1861; x_wconf 91' lang='lat' dir='ltr'>ille</span> 
     </span>
    </p>

    <p class='ocr_par' dir='ltr' id='par_1_11' title="bbox 203 1879 1758 2077">
     <span class='ocr_line' id='line_1_24' title="bbox 205 1879 1758 1944; baseline -0.001 -16"><span class='ocrx_word' id='word_1_160' title='bbox 205 1879 387 1928; x_wconf 84' lang='lat' dir='ltr'>Clarus</span> <span class='ocrx_word' id='word_1_161' title='bbox 403 1882 510 1938; x_wconf 89' lang='lat' dir='ltr'>erit,</span> <span class='ocrx_word' id='word_1_162' title='bbox 530 1882 687 1939; x_wconf 79' lang='lat' dir='ltr'>fortis,</span> <span class='ocrx_word' id='word_1_163' title='bbox 701 1883 886 1944; x_wconf 84' lang='lat' dir='ltr'>J&#39;ustus.</span> <span class='ocrx_word' id='word_1_164' title='bbox 950 1879 1324 1944; x_wconf 82' lang='lat' dir='ltr'>‘Sapiensne?&#39;</span> <span class='ocrx_word' id='word_1_165' title='bbox 1382 1880 1569 1938; x_wconf 78' lang='lat' dir='ltr'>Etiam,</span> <span class='ocrx_word' id='word_1_166' title='bbox 1587 1883 1639 1926; x_wconf 90' lang='lat' dir='ltr'>et</span> <span class='ocrx_word' id='word_1_167' title='bbox 1653 1893 1758 1938; x_wconf 88' lang='lat' dir='ltr'>rex,</span> 
     </span>
     <span class='ocr_line' id='line_1_25' title="bbox 203 1946 1588 2010; baseline 0 -17"><span class='ocrx_word' id='word_1_168' title='bbox 203 1946 273 1994; x_wconf 88' lang='lat' dir='ltr'>Et</span> <span class='ocrx_word' id='word_1_169' title='bbox 296 1948 535 2010; x_wconf 89' lang='lat' dir='ltr'>quicquid</span> <span class='ocrx_word' id='word_1_170' title='bbox 561 1949 734 1996; x_wconf 52' lang='lat' dir='ltr'>volet(</span> <span class='ocrx_word' id='word_1_171' title='bbox 785 1949 914 2006; x_wconf 88' lang='lat' dir='ltr'>Hoc,</span> <span class='ocrx_word' id='word_1_172' title='bbox 943 1948 1100 1997; x_wconf 84' lang='lat' dir='ltr'>veluti</span> <span class='ocrx_word' id='word_1_173' title='bbox 1126 1948 1313 1996; x_wconf 87' lang='lat' dir='ltr'>virtute</span> <span class='ocrx_word' id='word_1_174' title='bbox 1337 1951 1588 2010; x_wconf 90' lang='lat' dir='ltr'>paratum,</span> 
     </span>
     <span class='ocr_line' id='line_1_26' title="bbox 207 2013 1503 2077; baseline -0.001 -17"><span class='ocrx_word' id='word_1_175' title='bbox 207 2013 443 2075; x_wconf 86' lang='lat' dir='ltr'>Spera-vit</span> <span class='ocrx_word' id='word_1_176' title='bbox 468 2031 683 2076; x_wconf 90' lang='lat' dir='ltr'>magnae</span> <span class='ocrx_word' id='word_1_177' title='bbox 708 2016 849 2062; x_wconf 90' lang='lat' dir='ltr'>laudi</span> <span class='ocrx_word' id='word_1_178' title='bbox 876 2016 995 2064; x_wconf 86' lang='lat' dir='ltr'>fore</span> <span class='ocrx_word' id='word_1_179' title='bbox 1070 2015 1202 2077; x_wconf 82' lang='lat' dir='ltr'>Quid</span> <span class='ocrx_word' id='word_1_180' title='bbox 1230 2014 1393 2062; x_wconf 90' lang='lat' dir='ltr'>simile</span> <span class='ocrx_word' id='word_1_181' title='bbox 1418 2013 1503 2060; x_wconf 91' lang='lat' dir='ltr'>isti</span> 
     </span>
    </p>

    <p class='ocr_par' dir='ltr' id='par_1_12' title="bbox 202 2079 1782 2211">
     <span class='ocr_line' id='line_1_27' title="bbox 205 2079 1782 2145; baseline 0.001 -17"><span class='ocrx_word' id='word_1_182' title='bbox 205 2079 428 2128; x_wconf 84' lang='lat' dir='ltr'>Graecus</span> <span class='ocrx_word' id='word_1_183' title='bbox 457 2081 788 2144; x_wconf 85' lang='lat' dir='ltr'>Aristippus?</span> <span class='ocrx_word' id='word_1_184' title='bbox 825 2082 910 2145; x_wconf 89' lang='lat' dir='ltr'>qui</span> <span class='ocrx_word' id='word_1_185' title='bbox 936 2097 1111 2129; x_wconf 85' lang='lat' dir='ltr'>servos</span> <span class='ocrx_word' id='word_1_186' title='bbox 1135 2082 1376 2144; x_wconf 90' lang='lat' dir='ltr'>projicere</span> <span class='ocrx_word' id='word_1_187' title='bbox 1402 2094 1581 2129; x_wconf 83' lang='lat' dir='ltr'>aurum</span> <span class='ocrx_word' id='word_1_188' title='bbox 1690 2082 1782 2130; x_wconf 91' lang='grc'>100</span> 
     </span>
     <span class='ocr_line' id='line_1_28' title="bbox 202 2146 1379 2211; baseline 0.001 -17"><span class='ocrx_word' id='word_1_189' title='bbox 202 2146 266 2194; x_wconf 90' lang='lat' dir='ltr'>In</span> <span class='ocrx_word' id='word_1_190' title='bbox 293 2148 460 2195; x_wconf 88' lang='lat' dir='ltr'>media</span> <span class='ocrx_word' id='word_1_191' title='bbox 486 2149 641 2210; x_wconf 88' lang='lat' dir='ltr'>jussit</span> <span class='ocrx_word' id='word_1_192' title='bbox 668 2149 852 2211; x_wconf 84' lang='lat' dir='ltr'>Libya,</span> <span class='ocrx_word' id='word_1_193' title='bbox 881 2149 1000 2211; x_wconf 90' lang='lat' dir='ltr'>quia</span> <span class='ocrx_word' id='word_1_194' title='bbox 1026 2149 1222 2196; x_wconf 88' lang='lat' dir='ltr'>tardius</span> <span class='ocrx_word' id='word_1_195' title='bbox 1247 2149 1379 2195; x_wconf 85' lang='lat' dir='ltr'>irent</span> 
     </span>
    </p>

    <p class='ocr_par' dir='ltr' id='par_1_13' title="bbox 204 2210 1678 2278">
     <span class='ocr_line' id='line_1_29' title="bbox 204 2210 1678 2278; baseline 0.001 -18"><span class='ocrx_word' id='word_1_196' title='bbox 204 2213 421 2276; x_wconf 88' lang='lat' dir='ltr'>Propter</span> <span class='ocrx_word' id='word_1_197' title='bbox 446 2230 572 2262; x_wconf 90' lang='lat' dir='ltr'>onus</span> <span class='ocrx_word' id='word_1_198' title='bbox 598 2231 794 2278; x_wconf 83' lang='lat' dir='ltr'>segnes.</span> <span class='ocrx_word' id='word_1_199' title='bbox 869 2215 999 2263; x_wconf 89' lang='lat' dir='ltr'>Uter</span> <span class='ocrx_word' id='word_1_200' title='bbox 1023 2221 1102 2263; x_wconf 91' lang='lat' dir='ltr'>est</span> <span class='ocrx_word' id='word_1_201' title='bbox 1127 2215 1354 2264; x_wconf 85' lang='lat' dir='ltr'>insanior</span> <span class='ocrx_word' id='word_1_202' title='bbox 1377 2213 1587 2262; x_wconf 86' lang='lat' dir='ltr'>horum.</span> <span class='ocrx_word' id='word_1_203' title='bbox 1575 2210 1678 2248; x_wconf 66' lang='lat'>5³—-</span> 
     </span>
    </p>

    <p class='ocr_par' dir='ltr' id='par_1_14' title="bbox 202 2278 1440 2344">
     <span class='ocr_line' id='line_1_30' title="bbox 202 2278 1440 2344; baseline -0.001 -17"><span class='ocrx_word' id='word_1_204' title='bbox 202 2278 291 2327; x_wconf 89' lang='lat' dir='ltr'>Nil</span> <span class='ocrx_word' id='word_1_205' title='bbox 317 2282 425 2342; x_wconf 88' lang='lat' dir='ltr'>agit</span> <span class='ocrx_word' id='word_1_206' title='bbox 450 2282 749 2344; x_wconf 89' lang='lat' dir='ltr'>exemplum,</span> <span class='ocrx_word' id='word_1_207' title='bbox 778 2282 918 2329; x_wconf 92' lang='lat' dir='ltr'>litem</span> <span class='ocrx_word' id='word_1_208' title='bbox 945 2282 1080 2344; x_wconf 91' lang='lat' dir='ltr'>quod</span> <span class='ocrx_word' id='word_1_209' title='bbox 1105 2282 1193 2329; x_wconf 88' lang='lat' dir='ltr'>lite</span> <span class='ocrx_word' id='word_1_210' title='bbox 1218 2281 1440 2329; x_wconf 87' lang='lat' dir='ltr'>resolvit.</span> 
     </span>
    </p>

    <p class='ocr_par' dir='ltr' id='par_1_15' title="bbox 205 2346 1627 2411">
     <span class='ocr_line' id='line_1_31' title="bbox 205 2346 1627 2411; baseline 0.001 -18"><span class='ocrx_word' id='word_1_211' title='bbox 205 2346 260 2394; x_wconf 92' lang='lat' dir='ltr'>Si</span> <span class='ocrx_word' id='word_1_212' title='bbox 286 2347 399 2409; x_wconf 89' lang='lat' dir='ltr'>quis</span> <span class='ocrx_word' id='word_1_213' title='bbox 426 2353 561 2395; x_wconf 90' lang='lat' dir='ltr'>emat</span> <span class='ocrx_word' id='word_1_214' title='bbox 586 2349 821 2406; x_wconf 85' lang='lat' dir='ltr'>citharaS,</span> <span class='ocrx_word' id='word_1_215' title='bbox 849 2354 1047 2411; x_wconf 90' lang='lat' dir='ltr'>emptas</span> <span class='ocrx_word' id='word_1_216' title='bbox 1072 2352 1353 2410; x_wconf 88' lang='lat' dir='ltr'>comportet</span> <span class='ocrx_word' id='word_1_217' title='bbox 1377 2347 1627 2404; x_wconf 82' lang='lat' dir='ltr'>inunum,</span> 
     </span>
    </p>

    <p class='ocr_par' dir='ltr' id='par_1_16' title="bbox 202 2412 1776 2543">
     <span class='ocr_line' id='line_1_32' title="bbox 202 2412 1776 2472; baseline 0.003 -12"><span class='ocrx_word' id='word_1_218' title='bbox 202 2412 253 2460; x_wconf 86' lang='lat' dir='ltr'>N</span> <span class='ocrx_word' id='word_1_219' title='bbox 255 2429 311 2461; x_wconf 89' lang='lat' dir='ltr'>ec</span> <span class='ocrx_word' id='word_1_220' title='bbox 337 2415 505 2461; x_wconf 90' lang='lat' dir='ltr'>studio</span> <span class='ocrx_word' id='word_1_221' title='bbox 531 2415 752 2462; x_wconf 87' lang='lat' dir='ltr'>citharae</span> <span class='ocrx_word' id='word_1_222' title='bbox 778 2431 868 2462; x_wconf 90' lang='lat' dir='ltr'>nec</span> <span class='ocrx_word' id='word_1_223' title='bbox 894 2415 1075 2463; x_wconf 89' lang='lat' dir='ltr'>Musae</span> <span class='ocrx_word' id='word_1_224' title='bbox 1100 2415 1301 2463; x_wconf 90' lang='lat' dir='ltr'>deditus</span> <span class='ocrx_word' id='word_1_225' title='bbox 1327 2413 1431 2472; x_wconf 91' lang='lat' dir='ltr'>ulli,</span> <span class='ocrx_word' id='word_1_226' title='bbox 1686 2415 1776 2465; x_wconf 84' lang='lat'>105</span> 
     </span>
     <span class='ocr_line' id='line_1_33' title="bbox 205 2479 1451 2543; baseline 0.002 -17"><span class='ocrx_word' id='word_1_227' title='bbox 205 2479 261 2527; x_wconf 91' lang='lat' dir='ltr'>Si</span> <span class='ocrx_word' id='word_1_228' title='bbox 287 2481 482 2543; x_wconf 88' lang='lat' dir='ltr'>scalpra</span> <span class='ocrx_word' id='word_1_229' title='bbox 506 2486 557 2527; x_wconf 90' lang='lat' dir='ltr'>et</span> <span class='ocrx_word' id='word_1_230' title='bbox 581 2481 770 2529; x_wconf 84' lang='lat' dir='ltr'>formas</span> <span class='ocrx_word' id='word_1_231' title='bbox 796 2497 897 2528; x_wconf 92' lang='lat' dir='ltr'>non</span> <span class='ocrx_word' id='word_1_232' title='bbox 923 2487 1078 2541; x_wconf 90' lang='lat' dir='ltr'>sutor,</span> <span class='ocrx_word' id='word_1_233' title='bbox 1107 2482 1313 2530; x_wconf 80' lang='lat' dir='ltr'>nautica</span> <span class='ocrx_word' id='word_1_234' title='bbox 1336 2479 1451 2528; x_wconf 80' lang='lat' dir='ltr'>vela</span> 
     </span>
    </p>

    <p class='ocr_par' dir='ltr' id='par_1_17' title="bbox 205 2546 1264 2605">
     <span class='ocr_line' id='line_1_34' title="bbox 205 2546 1264 2605; baseline 0 -10"><span class='ocrx_word' id='word_1_235' title='bbox 205 2546 433 2595; x_wconf 87' lang='lat' dir='ltr'>Aversus</span> <span class='ocrx_word' id='word_1_236' title='bbox 458 2549 769 2605; x_wconf 89' lang='lat' dir='ltr'>mercaturis,</span> <span class='ocrx_word' id='word_1_237' title='bbox 797 2548 986 2597; x_wconf 88' lang='lat' dir='ltr'>delirus</span> <span class='ocrx_word' id='word_1_238' title='bbox 1012 2554 1064 2596; x_wconf 91' lang='lat' dir='ltr'>et</span> <span class='ocrx_word' id='word_1_239' title='bbox 1089 2562 1264 2595; x_wconf 90' lang='lat' dir='ltr'>amens</span> 
     </span>
    </p>

    <p class='ocr_par' dir='ltr' id='par_1_18' title="bbox 206 2611 1472 2679">
     <span class='ocr_line' id='line_1_35' title="bbox 206 2611 1472 2679; baseline -0.001 -20"><span class='ocrx_word' id='word_1_240' title='bbox 206 2611 444 2675; x_wconf 88' lang='lat' dir='ltr'>Undique</span> <span class='ocrx_word' id='word_1_241' title='bbox 470 2612 665 2661; x_wconf 88' lang='lat' dir='ltr'>dicatur</span> <span class='ocrx_word' id='word_1_242' title='bbox 689 2615 881 2662; x_wconf 89' lang='lat' dir='ltr'>merito.</span> <span class='ocrx_word' id='word_1_243' title='bbox 956 2615 1055 2676; x_wconf 80' lang='lat' dir='ltr'>Qui</span> <span class='ocrx_word' id='word_1_244' title='bbox 1083 2615 1335 2679; x_wconf 84' lang='lat' dir='ltr'>discrepat</span> <span class='ocrx_word' id='word_1_245' title='bbox 1358 2612 1472 2660; x_wconf 86' lang='lat' dir='ltr'>istis</span> 
     </span>
    </p>
   </div>
   <div class='ocr_carea' id='block_1_7' title="bbox 306 2763 1641 2870">
    <p class='ocr_par' dir='ltr' id='par_1_19' title="bbox 306 2763 1641 2870">
     <span class='ocr_line' id='line_1_36' title="bbox 306 2763 1641 2815; baseline -0.002 -12"><span class='ocrx_word' id='word_1_246' title='bbox 306 2764 352 2803; x_wconf 80' lang='lat'>&#39;75</span> <span class='ocrx_word' id='word_1_247' title='bbox 373 2765 510 2802; x_wconf 88' lang='lat' dir='ltr'>Perilli</span> <span class='ocrx_word' id='word_1_248' title='bbox 612 2767 659 2802; x_wconf 87' lang='lat'>93</span> <span class='ocrx_word' id='word_1_249' title='bbox 678 2767 827 2815; x_wconf 87' lang='lat' dir='ltr'>periret</span> <span class='ocrx_word' id='word_1_250' title='bbox 921 2767 967 2802; x_wconf 89' lang='lat'>96</span> <span class='ocrx_word' id='word_1_251' title='bbox 986 2767 1233 2803; x_wconf 81' lang='lat' dir='ltr'>contraxerit</span> <span class='ocrx_word' id='word_1_252' title='bbox 1335 2764 1381 2801; x_wconf 81' lang='lat'>97</span> <span class='ocrx_word' id='word_1_253' title='bbox 1401 2763 1641 2812; x_wconf 69' lang='lat' dir='ltr'>sapiensque</span> 
     </span>
     <span class='ocr_line' id='line_1_37' title="bbox 396 2815 1448 2870; baseline -0.003 -17"><span class='ocrx_word' id='word_1_254' title='bbox 396 2833 399 2836; x_wconf 91' lang='lat'>·</span> <span class='ocrx_word' id='word_1_255' title='bbox 565 2816 636 2854; x_wconf 80' lang='lat'>107</span> <span class='ocrx_word' id='word_1_256' title='bbox 657 2817 848 2854; x_wconf 78' lang='lat' dir='ltr'>adversus</span> <span class='ocrx_word' id='word_1_257' title='bbox 953 2817 1024 2852; x_wconf 90' lang='grc'>108</span> <span class='ocrx_word' id='word_1_258' title='bbox 1039 2817 1138 2867; x_wconf 85' lang='lat' dir='ltr'>quid</span> <span class='ocrx_word' id='word_1_259' title='bbox 1240 2816 1313 2851; x_wconf 84' lang='grc'>108</span> <span class='ocrx_word' id='word_1_260' title='bbox 1332 2815 1408 2850; x_wconf 79' lang='lat' dir='ltr'>iste</span> <span class='ocrx_word' id='word_1_261' title='bbox 1445 2866 1448 2870; x_wconf 28' lang='grc' dir='ltr'>Ι</span> 
     </span>
    </p>
   </div>
  </div>
 </body>
</html>
