1846 3034
115 204 118 207 .
178 159 281 211 198
579 167 821 206 HoRA'H
864 165 1315 220 EmsrynARvM

179 302 263 350 Me
288 301 532 363 pinguem
557 304 608 346 et
634 299 851 345 nitidum
878 299 1003 345 bene
1031 302 1209 345 curata
1233 302 1348 345 cute
1378 297 1530 358 vises,
1676 301 1735 348 15

181 369 311 417 Cum
337 369 496 415 ridere
523 367 664 414 voles
690 366 899 429 Epicuri
925 366 985 412 de
1012 380 1167 427 grege
1194 379 1416 427 porcum.

930 538 995 589 V.

184 647 238 695 Si
261 650 408 710 potes
435 643 698 694 Archiacis
725 642 944 691 conviva
969 642 1259 690 recumbere
1284 642 1445 702 lectis,

183 714 292 762 Nec
318 713 517 760 modica
541 726 717 758 cenare
742 711 893 758 times
922 710 1032 757 olus
1059 725 1204 756 omne
1231 710 1436 772 patella,

186 780 431 842 Supremo
456 785 506 825 te
533 778 636 824 sole
663 777 814 834 domi,
843 777 1114 838 Torquate,
1143 776 1369 824 manebo.

183 846 322 894 Vina
347 847 488 892 bibes
513 846 697 891 iterum
723 844 891 890 Tauro
917 844 1102 890 diffusa
1126 843 1382 905 palustres

186 914 330 961 Inter
355 912 645 958 Minturnas
674 910 1138 972 Sinuessanumque
1168 910 1447 958 Petrinum.
1711 915 1740 962 5

190 981 244 1029 Si
271 980 451 1026 melius
476 979 594 1041 quid
624 978 794 1034 habes,
823 991 1034 1035 arcesse,
1065 977 1145 1024 vel
1172 977 1440 1040 imperium
1467 978 1568 1027 fer:

187 1047 222 1095 J
228 1046 502 1094 amdudum
529 1044 759 1107 splendet
783 1044 925 1091 focus
950 1051 1001 1091 et
1027 1044 1118 1090 tibi
1145 1045 1335 1092 munda
1360 1045 1600 1108 supellex,

191 1113 342 1160 Mitte
369 1113 506 1159 leves
532 1127 648 1174 spes
673 1118 724 1158 et
749 1111 1025 1158 certamina
1049 1111 1345 1158 divitiarum

191 1179 262 1227 Et
288 1179 488 1227 Moschi
514 1194 718 1226 causam
739 1195 750 1225 :
789 1193 900 1225 cras
926 1183 1048 1225 nato
1078 1178 1296 1226 Caesare
1322 1179 1484 1226 festus

191 1246 298 1294 Dat
323 1247 522 1292 veniam
549 1260 878 1307 somnumque
905 1245 1013 1292 dies
1035 1262 1046 1306 ;
1084 1245 1287 1308 impune
1314 1245 1484 1294 licebit
1684 1249 1745 1296 10

192 1313 461 1363 Aestivam
487 1327 715 1359 sermone
742 1312 962 1374 benigno
988 1311 1193 1359 tendere
1219 1317 1431 1362 noctem.

195 1382 307 1441 Quo
334 1380 454 1426 mihi
480 1380 748 1436 fortunam,
776 1379 818 1424 si
845 1393 946 1425 non
971 1379 1264 1426 conceditur
1291 1377 1399 1427 uti?

194 1447 387 1495 Parcus
413 1447 477 1493 ob
504 1446 702 1493 heredis
727 1460 899 1492 curam
926 1446 1237 1507 nimiumque
1263 1461 1470 1494 severus

195 1514 408 1563 Assidet
432 1513 639 1560 insano:
676 1518 852 1574 potare
877 1517 928 1559 et
954 1527 1191 1574 spargere
1218 1512 1362 1560 flores

194 1580 455 1643 Incipiam,
482 1580 745 1641 patiarque
771 1579 851 1626 vel
878 1580 1196 1626 inconsultus
1223 1579 1411 1627 haberi.
1688 1582 1747 1628 15

198 1647 332 1708 Quid
359 1662 459 1693 non
484 1646 702 1693 ebrietas
727 1644 1000 1707 designat?
1075 1645 1267 1708 Operta
1290 1647 1517 1705 recludit,

199 1714 326 1777 Spes
343 1714 488 1774 jubet
512 1728 622 1760 esse
647 1718 799 1770 ratas,
828 1713 892 1760 ad
918 1713 1109 1775 proelia
1134 1713 1294 1760 trudit
1317 1714 1546 1772 inertem,

199 1781 441 1829 Sollicitis
467 1781 649 1827 animis
674 1795 802 1826 onus
826 1780 1017 1838 eximit,
1047 1780 1259 1827 addocet
1283 1786 1429 1828 arteS.

197 1847 424 1894 Fecundi
450 1847 631 1894 calices
656 1862 803 1908 quem
830 1862 930 1893 non
957 1847 1115 1893 fecere
1142 1845 1427 1895 disertum?

200 1914 476 1963 Contracta
501 1929 649 1976 quem
675 1928 775 1959 non
801 1914 851 1959 in
877 1919 1176 1976 paupertate
1203 1912 1465 1962 solutum?
1690 1916 1751 1963 20

199 1980 342 2028 Haec
366 1996 461 2042 ego
486 1995 749 2043 procurare
775 1985 826 2027 et
848 1980 1060 2027 idoneus
1085 1981 1301 2043 imperor
1323 1985 1374 2027 et
1399 1996 1501 2028 non

199 2047 418 2105 Invitus,
446 2063 507 2094 ne
533 2052 680 2108 turpe
706 2047 849 2103 toral,
878 2062 940 2093 ne
967 2046 1170 2094 sordida
1195 2062 1380 2110 mappa

201 2114 450 2173 Corruget
475 2129 635 2171 nares,
662 2128 723 2160 ne
752 2128 851 2159 non
875 2119 926 2160 et
952 2113 1226 2160 cantharus
1251 2122 1302 2161 et
1327 2114 1446 2162 lanx

202 2180 453 2228 Ostendat
476 2181 569 2227 tibi
593 2187 657 2237 te,
684 2195 746 2226 ne
774 2180 898 2227 fidos
925 2181 1056 2227 inter
1082 2180 1273 2228 amicos

203 2247 284 2295 Sit
308 2248 394 2309 qui
418 2247 552 2294 dicta
576 2248 711 2294 foras
737 2247 972 2295 eliminet.
1047 2247 1121 2294 Ut
1147 2253 1288 2295 coeat
1311 2263 1404 2311 par
1693 2249 1755 2297 25

200 2314 235 2362 J
240 2319 559 2375 ungaturque
582 2314 706 2376 pari,
735 2313 947 2360 Butram
975 2314 1071 2361 tibi
1099 2314 1491 2378 Septiciumque,

205 2380 275 2428 Et
299 2380 398 2427 nisi
424 2396 547 2428 cena
570 2381 706 2442 prior
729 2381 993 2442 potiorque
1020 2382 1188 2443 puella
1215 2380 1457 2428 Sabinum

201 2447 424 2505 Detinet,
453 2461 722 2494 assumam.
797 2446 963 2493 Locus
988 2454 1066 2494 est
1091 2453 1141 2494 et
1164 2448 1394 2509 pluribus
1421 2448 1644 2497 umbris:

205 2513 304 2561 Sed
330 2513 481 2560 nimis
506 2519 616 2560 arta
637 2518 872 2576 premunt
898 2514 1060 2560 olidae
1087 2515 1323 2562 convivia
1348 2529 1541 2577 caprae.

205 2580 283 2627 Tu
307 2586 492 2642 quotus
517 2594 626 2626 esse
652 2580 778 2626 velis
802 2580 1033 2637 rescribe,
1060 2586 1124 2638 et,
1152 2582 1301 2628 rebus
1327 2581 1545 2641 omissis,
1694 2580 1756 2627 30

206 2647 356 2696 Atria
381 2652 669 2694 servantem
693 2646 888 2707 postico
914 2647 1030 2694 falle
1057 2647 1304 2696 clientem.

418 2766 440 2801 6
459 2766 520 2801 sin
625 2766 646 2801 6
666 2776 819 2801 accerse
922 2765 967 2800 11
988 2765 1174 2801 festivam
1278 2767 1323 2802 11
1345 2767 1558 2804 extendere

208 2815 253 2852 12
274 2815 446 2860 fortuna,
456 2816 637 2851 fortunas
651 2827 670 2851 e
686 2816 798 2860 coni„
813 2815 996 2850 fortunae
1009 2828 1027 2850 e
1042 2816 1141 2852 coni.
1196 2816 1242 2852 16
1256 2816 1456 2864 dissignat
1509 2818 1555 2855 17
1568 2818 1758 2855 inermem

268 2866 330 2911 25,
350 2867 398 2902 26
419 2866 661 2915 ἀίετίηριιιιπε
679 2866 757 2901 alii
775 2865 966 2911 eliminet,
987 2868 1032 2902 ut
1045 2890 1058 2903 .
1070 2891 1080 2902 .
1095 2890 1107 2902 .
1120 2866 1224 2916 pari.
1326 2868 1374 2903 26
1395 2868 1712 2918 Septimiumque
