1878 3054
150 197 153 200 .
217 154 320 209 194
393 141 400 147 ’
629 171 870 210 HORA'PI
912 170 1364 212 EPISTVLARVM

285 303 341 351 Si
366 307 571 350 curatus
595 303 850 366 inaequali
874 309 1077 352 tonsore
1103 305 1313 367 capillos

217 369 438 428 Occurri,
467 371 632 431 rides;
668 371 710 417 si
736 373 862 418 forte
889 371 1134 418 subucula
1157 387 1311 433 pexae

217 437 361 484 Trita
386 437 562 484 subest
587 438 788 484 tunicae
815 439 895 484 vel
922 438 965 485 si
991 443 1113 499 toga
1139 438 1354 485 dissidet
1378 438 1557 501 impar,
1727 440 1788 488 95

217 504 406 551 Rides:
446 504 582 565 quid,
609 519 723 550 mea
749 520 862 551 cum
886 511 1084 567 pugnat
1109 505 1364 551 sententia
1389 520 1575 565 secum,

219 571 366 631 Quod
391 571 539 631 petiit
565 571 771 632 spernit,
799 572 981 634 repetit
1005 572 1139 633 quod
1165 586 1326 633 nuper
1351 572 1540 631 omisit,

217 639 440 684 Aestuat
464 643 514 683 et
539 638 676 684 vitae
702 639 1022 685 disconvenit
1047 638 1220 684 ordine
1247 643 1370 696 toto,

219 703 404 761 Diruit,
433 704 677 762 aedificat,
706 710 871 751 mutat
896 706 1144 767 quadrata
1167 704 1440 753 rotundis?

216 771 448 818 Insanire
473 779 623 832 putas
648 772 915 818 sollemnia
939 787 1017 818 me
1044 787 1205 834 neque
1231 772 1382 830 rides,
1695 771 1787 818 100

215 836 324 884 Nec
349 838 529 884 medici
556 839 716 884 credis
742 853 832 885 nec
857 838 1106 886 curatoris
1131 852 1279 900 egere

216 904 267 952 A
293 909 523 966 praetore
549 905 668 963 dati,
694 920 862 951 rerum
886 906 1046 952 tutela
1069 920 1295 952 mearum

220 971 347 1019 Cum
374 972 445 1018 sis
470 977 526 1018 et»
546 987 701 1034 prave
729 978 923 1019 sectum
949 971 1282 1019 stomacheris
1308 972 1371 1020 ob
1396 987 1620 1035 unguem

216 1038 293 1085 De
318 1043 368 1085 te
391 1039 676 1100 pendentiS,
701 1043 752 1085 te
778 1039 1100 1101 respicientis
1126 1039 1287 1087 amici.

215 1105 302 1151 Ad
329 1119 607 1153 summam:
647 1106 849 1168 sapiens
874 1121 974 1153 uno
998 1105 1164 1153 minor
1187 1111 1267 1154 est
1290 1107 1437 1164 Jove,
1466 1106 1624 1165 dives,
1693 1104 1786 1151 105

216 1170 382 1228 Liber,
410 1172 699 1230 honoratus,
724 1172 946 1234 pulcher,
973 1187 1063 1219 rex
1086 1173 1302 1235 denique
1327 1187 1521 1234 regum,

216 1238 494 1300 Praecipue
521 1253 691 1297 sanus,
719 1239 818 1285 nisi
844 1254 957 1286 cum
982 1239 1169 1302 pituita
1192 1239 1407 1287 molesta
1429 1243 1521 1287 est.

960 1425 1031 1473 ΙΙ.

215 1525 420 1589 TroJani
443 1526 562 1574 belli
590 1527 900 1589 scriptorem,
929 1527 1158 1575 Maxime
1184 1526 1331 1586 Lolli,

215 1594 349 1642 Dum
375 1599 433 1641 tu
458 1594 711 1640 declamas
738 1592 947 1652 Romae,
978 1595 1254 1641 Praeneste
1279 1594 1434 1656 relegi
1455 1611 1468 1656 3

216 1661 316 1721 Qui
341 1660 460 1722 quid
487 1661 554 1707 sit
578 1660 861 1722 pulchrum,
883 1661 1007 1724 quid
1026 1667 1188 1723 turpe,
1211 1661 1332 1723 quid
1352 1661 1490 1719 utile,
1513 1660 1634 1723 quid
1654 1676 1770 1720 non,

215 1727 427 1774 Planius
452 1742 510 1774 ac
535 1727 718 1773 melius
745 1727 1031 1790 Chrysippo
1056 1733 1108 1775 et
1135 1727 1381 1775 Crantore
1407 1728 1543 1775 dicit.

216 1794 320 1842 Cur
343 1794 417 1840 ita
441 1794 750 1851 crediderim,
777 1794 874 1841 nisi
899 1795 1020 1857 quid
1043 1800 1094 1842 te
1121 1794 1327 1853 detinet,
1356 1794 1488 1842 audi.
1760 1795 1789 1841 5

214 1861 426 1918 Fabula,
454 1876 555 1923 qua
581 1861 783 1908 Paridis
808 1867 1013 1925 propter
1037 1866 1272 1909 narratur
1297 1875 1520 1908 amorem

215 1928 427 1976 Graecia
452 1928 723 1974 Barbariae
749 1928 886 1975 lento
910 1929 1088 1976 collisa
1112 1927 1292 1986 duello,

215 1994 498 2042 Stultorum
525 2010 703 2055 regum
727 1999 777 2041 et
801 1995 1101 2056 populorum
1129 1994 1355 2042 continet
1381 1998 1567 2042 aestus.

213 2061 448 2110 Antenor
473 2066 644 2108 censet
668 2061 783 2107 belli
811 2062 1098 2122 praecidere
1125 2076 1359 2109 causam:

214 2129 349 2188 Quid
377 2128 523 2174 Paris
545 2126 565 2174 ἲ
636 2127 711 2173 Ut
735 2128 909 2175 salvus
934 2133 1112 2189 regnet
1136 2128 1376 2189 vivatque
1401 2127 1583 2174 beatus
1727 2128 1787 2174 10

216 2195 342 2257 Cogi
367 2209 517 2256 posse
542 2199 711 2255 negat.
785 2194 976 2241 Nestor
1000 2209 1295 2257 componere
1320 2194 1437 2241 lites

213 2260 355 2309 Inter
380 2261 591 2308 Peliden
617 2261 825 2308 festinat
850 2266 901 2307 et
925 2261 1056 2308 inter
1082 2261 1328 2322 Atriden;

214 2329 367 2376 Hunc
393 2343 545 2386 amor,
573 2328 649 2375 ira
672 2329 875 2390 quidem
902 2329 1235 2375 communiter
1259 2328 1360 2374 urit
1384 2332 1669 2389 utrumque.

213 2395 463 2458 Quicquid
491 2395 709 2442 delirant
734 2409 892 2456 reges,
921 2395 1212 2456 plectuntur
1236 2394 1440 2442 Achivi.

213 2462 484 2520 Seditione,
514 2462 658 2519 dolis,
687 2462 871 2508 scelere
898 2467 1048 2523 atque
1074 2461 1280 2508 libidine
1304 2465 1357 2508 et
1381 2460 1469 2519 ira,
1730 2459 1788 2505 15

210 2527 398 2577 Ilia-cos
423 2530 558 2576 intra
584 2543 757 2575 muros
782 2533 1018 2589 peccatur
1040 2532 1092 2574 et
1117 2533 1273 2575 extra.

212 2597 427 2653 Rursus,
455 2595 578 2658 quid
604 2595 768 2641 virtus
793 2600 843 2642 et
867 2595 986 2656 quid
1014 2595 1264 2656 sapientia
1286 2593 1465 2656 possit,

211 2662 351 2710 Utile
377 2662 643 2724 proposuit
668 2661 815 2707 nobis
839 2662 1096 2723 exemplar
1119 2661 1309 2707 Ulixen
1329 2677 1342 2721 3

212 2730 327 2790 Qui,
356 2729 576 2776 domitor
601 2727 795 2788 Trojae,
822 2728 1096 2774 multorum
1120 2727 1365 2788 providus
1389 2726 1540 2774 urbes

428 2870 476 2906 94
495 2880 655 2906 occurro
758 2868 783 2905 4
799 2868 958 2918 plenius
1063 2869 1084 2904 5
1106 2867 1272 2904 distinet
1375 2867 1421 2902 10
1441 2865 1549 2916 quod
