1878 3054
721 167 847 207 mn.
887 166 955 206 11.
995 153 1027 205 3
1563 153 1665 206 169

90 303 191 367 qui
217 317 454 352 nummos
479 316 758 365 aurumque
783 301 1028 359 recondit,
1056 300 1259 348 nescius
1284 300 1361 348 uti

93 371 423 435 Compositis,
452 377 784 432 metuensque
812 368 953 416 velut
979 369 1273 429 contingere
1301 366 1539 416 sacrum?
1575 374 1670 421 110

90 439 148 488 Si
170 439 286 502 quis
312 438 376 486 ad
402 438 663 500 ingentem
692 436 935 483 frumenti
963 451 1163 498 semper
1190 451 1429 483 acervum

92 507 364 555 Porrectus
392 505 575 567 vigilet
601 519 715 552 cum
743 504 899 566 longo
926 504 1075 561 fuste,
1106 518 1264 565 neque
1291 503 1430 551 illinc

91 574 299 622 Audeat
323 573 553 620 esuriens
579 571 817 620 dominus
843 571 1140 633 contingere
1166 586 1400 632 granum,

92 642 172 691 Ac
196 641 370 704 potius
396 640 532 687 foliis
557 653 743 702 parcus
773 644 1011 686 vescatur
1038 638 1226 685 amaris
1247 655 1259 699 ;

93 707 147 757 Si
170 708 354 772 positis
377 708 517 756 intus
546 707 664 756 Chii
693 707 982 768 veterisque
1011 706 1216 753 Falerni
1577 711 1668 757 115

93 775 237 824 Mille
262 774 631 824 cadis—nihil
657 779 752 833 est,
782 779 1067 822 tercentum
1095 774 1304 820 milibus
1320 800 1388 807 —
1404 789 1518 821 acre

94 842 246 891 Potet
269 847 500 903 acetum;
537 857 648 905 age,
677 842 720 889 si
746 848 798 889 et
824 842 1122 890 stramentis
1146 842 1365 899 incubet,
1393 842 1546 890 unde-

94 909 373 972 Octoginta
398 925 559 958 annos
586 915 754 968 natus,
786 910 866 956 cui
894 909 1127 971 stragula
1153 909 1326 966 vestis,

93 977 383 1026 Blattarum
410 993 469 1025 ac
493 978 747 1025 tinearum
776 977 970 1040 epulae,
997 982 1259 1040 putrescat
1284 976 1336 1022 in
1362 990 1502 1024 arca:

93 1043 345 1093 Nimirum
369 1046 582 1092 insanus
609 1045 783 1108 paucis
813 1045 1064 1102 videatur,
1091 1059 1151 1091 eo
1177 1043 1310 1106 quod
1576 1047 1668 1094 120

92 1111 322 1162 Maxima
344 1127 465 1176 pars
492 1112 760 1160 hominum
788 1113 964 1159 morbo
994 1113 1220 1174 jactatur
1244 1111 1435 1160 eodem.

94 1178 256 1228 Filius
280 1190 371 1228 aut
393 1180 549 1228 etiam
578 1179 701 1228 haec
728 1180 947 1227 libertus
972 1186 1030 1226 ut
1054 1179 1226 1226 ebibat
1251 1178 1412 1238 heres,

93 1247 188 1296 Dis
212 1247 416 1296 inimice
442 1263 611 1306 senex,
640 1245 908 1295 custodis?
981 1246 1060 1294 Ne
1085 1247 1177 1294 tibi
1204 1244 1375 1294 desit?

94 1315 409 1378 Quantulum
431 1315 568 1363 enim
594 1330 827 1363 summae
855 1315 1077 1363 curtabit
1102 1315 1315 1377 quisque
1342 1314 1556 1372 dierum,

93 1381 334 1446 Unguere
359 1383 404 1431 si
429 1383 602 1431 caules
628 1382 738 1430 oleo
765 1383 975 1430 meliore
1001 1387 1254 1446 caputque
1575 1385 1667 1433 125

94 1449 334 1516 coeperis
358 1451 559 1513 impexa
585 1451 791 1498 foedum
817 1448 1116 1513 porrigine?
1150 1472 1154 1476 ·
1191 1451 1374 1512 Quare,

94 1516 148 1566 Si
172 1518 380 1582 quidvis
405 1519 533 1567 satis
558 1523 652 1576 est,
681 1519 923 1581 perjuras,
955 1517 1183 1580 surripis,
1213 1518 1382 1564 aufers

93 1583 372 1650 Undique?
443 1586 575 1634 Tuu'
601 1584 796 1634 sanus?
873 1586 1129 1649 Populum
1156 1585 1197 1633 si
1225 1585 1434 1634 caedere
1460 1584 1601 1632 saxis

92 1651 318 1717 Incipias
342 1667 584 1702 servosve
608 1658 728 1701 tuos
755 1669 883 1717 quos
912 1669 1026 1701 aere
1051 1653 1262 1716 pararis,
1611 1699 1613 1701 .

92 1719 339 1775 Insanum
362 1726 413 1769 te
439 1736 616 1770 omnes
642 1722 785 1783 pueri
814 1722 1136 1783 clamentque
1162 1720 1391 1783 puellae:
1572 1723 1666 1771 130

94 1785 224 1836 Cum
249 1788 430 1851 laqueo
456 1803 665 1837 uxorem
693 1788 946 1836 interimis
974 1794 1288 1851 matremque
1316 1802 1526 1846 venen0,

93 1853 341 1904 Incolumi
366 1856 533 1919 capite
558 1853 652 1904 es?
693 1860 702 1880 ‘
725 1856 862 1917 Quid
888 1856 1020 1904 enim
1041 1854 1089 1904 ?’
1128 1855 1307 1919 Neque
1334 1860 1393 1902 tu
1419 1854 1514 1902 hoc
1540 1853 1664 1903 facis

291 1924 370 1972 Ar
409 1923 465 1982 is,
1307 1918 1314 1927 ’

93 1988 201 2039 Nec
224 1990 354 2039 ferro
370 1939 437 2040 {t
460 1991 669 2039 demens
696 1991 1005 2054 genetricem
1033 1990 1220 2039 occidis
1247 1989 1471 2038 Orestes.

94 2057 181 2106 An
204 2062 263 2107 tu
286 2058 411 2107 reris
435 2074 552 2107 eum
578 2059 746 2106 occisa
772 2058 1025 2106 insanisse
1053 2063 1275 2121 parente,

99 2124 175 2173 Ac
197 2139 298 2175 non
323 2130 441 2174 ante
468 2125 618 2174 malis
644 2126 933 2174 dementem
961 2132 1130 2174 actum
1158 2126 1328 2174 Furiis
1354 2140 1507 2189 quam
1578 2128 1672 2176 135

95 2190 159 2240 In
182 2193 362 2241 matris
388 2193 570 2256 jugulo
596 2194 783 2241 ferrum
811 2194 1050 2257 tepefecit
1076 2191 1319 2242 acutum?

98 2257 248 2320 Quin,
273 2275 336 2309 ex
360 2276 461 2324 quo
486 2266 566 2309 est
593 2260 799 2309 habitus
827 2261 957 2309 male
984 2267 1126 2309 tutae
1151 2261 1340 2309 mentis
1367 2258 1592 2320 OresteS,

97 2324 183 2375 Nil
208 2340 329 2375 sane
354 2328 475 2376 fecit
501 2329 636 2391 quod
665 2334 720 2376 tu
747 2328 1114 2392 reprehendere
1140 2329 1336 2392 possis:

96 2390 215 2441 Non
240 2393 470 2457 Pyladen
496 2396 627 2444 ferro
657 2396 844 2444 violare
873 2411 1095 2444 aususve
1121 2411 1345 2444 sororem

97 2457 369 2521 Electram,
396 2468 599 2511 tantum
626 2464 889 2512 maledicit
916 2465 1133 2527 utrique,
1163 2463 1393 2511 vocando
1580 2464 1673 2511 140

99 2523 248 2576 Hanc
275 2528 499 2587 Furiam,
528 2530 664 2579 hunc
691 2531 845 2589 aliud,
866 2531 1024 2593 jussit
1050 2531 1185 2595 quod
1211 2529 1480 2593 splendida
1505 2527 1636 2577 bilis.

100 2590 302 2658 Pauper
326 2595 561 2660 Opimius
588 2598 785 2661 argenti
813 2599 966 2661 positi
995 2599 1134 2646 intus
1159 2603 1211 2646 et
1237 2598 1359 2656 auri,

100 2659 200 2776 gui
227 2662 569 2712 Veientanum
597 2666 742 2713 festis
767 2671 942 2729 potare
969 2666 1149 2714 diebus

147 2742 365 2792 ampana
390 2732 573 2780 solitus
598 2733 752 2781 trulla
779 2748 1097 2796 vappamque
1122 2732 1378 2796 profestis,

151 2844 223 2884 11⁶
242 2850 462 2886 nocentum
518 2850 588 2887 117
610 2850 770 2887 incubet
782 2851 872 2887 udis
893 2863 912 2886 e
931 2851 1029 2887 coni.
1086 2851 1157 2886 128
1171 2853 1254 2886 tum
1311 2850 1381 2885 129
1399 2858 1613 2897 servosque

426 2900 498 2937 13³
517 2900 752 2948 genitricem
858 2902 929 2938 133
949 2900 1096 2938 oceidit
1202 2901 1274 2937 134
1293 2903 1336 2936 at
