1846 3034
189 181 304 234 '214
614 192 854 231 HORA‘rI
897 193 1351 234 EPISTVLARVM

197 325 447 383 Delectat,
477 326 519 372 si
545 330 594 373 te
620 326 791 388 pulvis
819 327 1160 389 strepitusque
1185 331 1423 386 rotarum,

199 392 252 440 Si
278 392 435 439 laedit
461 408 703 455 caupona,
733 393 1063 440 Ferentinum
1090 394 1161 440 ire
1190 394 1409 455 jubebo;

198 459 332 506 Nam
359 474 518 522 neque
545 460 793 507 divitibus
820 460 1125 522 contingunt
1150 460 1339 522 gaudia
1364 460 1503 520 solis,

198 525 305 573 Nec
331 526 460 573 vixit
484 527 630 583 male,
658 528 745 589 qui
773 532 925 574 natus
951 527 1271 590 moriensque
1299 528 1488 576 fefellit.
1689 533 1749 581 lo

201 593 253 641 Si
277 594 517 655 prodesse
543 594 647 640 tuis
674 594 923 656 pauloque
952 594 1224 655 benignius
1248 595 1417 656 ipsum

200 660 270 707 Te
296 666 514 707 tractare
541 661 696 716 voles,
727 661 934 708 accedes
961 661 1124 708 siccus
1151 662 1215 709 ad
1241 667 1463 710 unctum.

198 728 344 787 Πίος.
388 732 414 751 “
437 727 491 775 Si
518 728 792 789 pranderet
818 729 929 775 olus
954 729 1222 790 patienter,
1248 729 1456 791 regibus
1482 729 1558 776 uti

199 793 372 841 Nollet
399 794 749 857 Aristippus.'’
823 796 979 842 Arist.
1023 799 1050 819 “
1072 795 1127 843 si
1153 796 1303 843 sciret
1328 797 1535 858 regibus
1561 796 1651 855 uti,

201 861 481 909 Fastidiret
507 862 632 918 olus,
662 862 749 924 qui
774 877 854 909 me
882 864 1076 910 notat.''
1150 862 1331 910 Utrius
1359 863 1539 910 horum
1689 867 1750 914 15

199 928 373 976 Verba
397 928 580 990 probes
606 934 658 975 et
685 930 834 987 facta,
864 929 1001 988 doce,
1032 928 1110 976 vel
1140 930 1312 991 Junior
1339 930 1459 978 audi

200 994 304 1043 Cur
329 996 396 1042 sit
421 996 677 1058 Aristippi
703 999 870 1058 potior
896 997 1162 1044 sententia.
1238 996 1470 1060 Namque

199 1062 494 1110 Mordacem
525 1063 777 1125 Cynicum
806 1064 878 1111 sic
903 1064 1153 1122 eludebat,
1181 1070 1238 1111 ut
1264 1065 1434 1112 aiunt:

200 1134 226 1154 “
248 1129 457 1177 Seurror
480 1145 576 1191 ego
602 1131 708 1192 ipse
735 1130 874 1189 mihi,
901 1131 1087 1192 populo
1112 1135 1170 1178 tu
1193 1147 1204 1192 ;
1240 1131 1430 1178 rectius
1456 1131 1550 1179 hoc
1574 1135 1626 1179 et

201 1195 530 1258 Splendidius
548 1197 707 1244 multo
728 1203 818 1245 est.
894 1197 1072 1260 Equus
1087 1203 1144 1245 ut
1158 1213 1237 1244 me
1254 1204 1434 1260 portet,
1454 1199 1558 1245 alat
1572 1213 1671 1257 rex,
1690 1202 1753 1248 20

201 1262 430 1311 Officium
458 1264 614 1311 facio:
654 1270 708 1311 tu
734 1265 902 1327 poscis
929 1265 1051 1311 vilia
1075 1279 1254 1324 rerum,

199 1330 367 1378 Dante
394 1331 571 1389 minor,
601 1333 835 1394 quamvis
860 1332 960 1379 fers
986 1338 1035 1379 te
1063 1332 1250 1379 nullius
1273 1333 1558 1394 egentem.''

201 1396 382 1445 Omnis
410 1398 733 1461 Aristippum
760 1398 929 1447 decuit
953 1399 1089 1446 color
1111 1404 1164 1446 et
1188 1405 1353 1446 status
1378 1406 1430 1446 et
1452 1414 1548 1457 res,
1580 1428 1583 1429 ν

199 1464 558 1526 Temptantem
585 1467 790 1526 majora,
820 1466 921 1513 fere
946 1466 1297 1528 praesentibus
1322 1481 1554 1528 aequum.

201 1531 405 1589 Contra,
433 1547 582 1594 quem
606 1532 794 1595 duplici
822 1548 991 1595 panno
1014 1532 1266 1595 patientia
1292 1532 1442 1591 velat,
1691 1534 1754 1582 25

198 1597 437 1658 Mirabor‚
466 1600 599 1646 vitae
628 1600 711 1646 via
737 1600 781 1647 si
806 1615 1052 1647 conversa
1075 1599 1285 1647 decebit.

198 1665 347 1712 Alter
371 1681 682 1729 purpureum
706 1682 807 1715 non
832 1666 1147 1730 exspectabit
1170 1666 1427 1725 amictum,

199 1732 461 1793 Quidlibet
486 1733 696 1781 indutus
722 1734 1047 1782 celeberrima
1070 1749 1159 1796 per
1183 1734 1294 1781 loca
1320 1734 1488 1790 vadet,

198 1799 577 1862 Personamque
605 1801 730 1848 feret
757 1817 857 1848 non
884 1801 1215 1848 inconcinnus
1239 1807 1538 1863 utramque;

198 1865 346 1913 Alter
372 1867 536 1914 Mileti
563 1873 758 1915 textam
783 1883 906 1915 cane
932 1870 1074 1930 pejus
1098 1873 1151 1916 et
1172 1868 1330 1934 angui
1688 1868 1756 1914 3⁰

198 1932 401 1980 Vitabit
422 1934 757 1996 chlamydem,
786 1937 1030 1982 morietur
1058 1935 1256 1997 frigore,
1285 1935 1328 1982 si
1354 1950 1456 1982 non

198 1999 479 2048 Rettuleris
505 2016 744 2063 pannum.
821 2002 976 2049 Refer
999 2007 1051 2049 et
1076 2003 1183 2049 sine
1211 2003 1351 2049 vivat
1373 1999 1606 2063 ineptus!

199 2066 305 2114 Res
330 2083 503 2129 gerere
528 2074 580 2116 et
604 2075 781 2131 captos
808 2069 1074 2116 ostendere
1098 2069 1297 2116 civibus
1323 2068 1498 2116 hostes

199 2133 428 2195 Attingit
453 2136 635 2182 solium
662 2136 697 2183 J
702 2137 812 2182 ovis
837 2140 890 2182 et
914 2136 1154 2183 caelestia
1178 2140 1423 2198 temptat:

200 2200 521 2262 Principibus
545 2203 798 2264 placuisse
827 2203 948 2249 viris
974 2217 1075 2250 non
1101 2203 1283 2249 ultima
1308 2203 1419 2249 laus
1442 2206 1536 2250 est.
1695 2204 1759 2252 35

199 2266 317 2314 Non
341 2268 500 2315 cuivis
527 2268 720 2316 homini
747 2270 1000 2332 contingit
1025 2270 1162 2316 adire
1191 2269 1507 2318 Corinthum.

200 2333 358 2394 Sedit,
384 2337 469 2397 qui
492 2336 666 2383 timuit
691 2351 752 2383 ne
779 2352 880 2384 non
907 2337 1208 2384 succederet.
1282 2335 1438 2384 Estol

201 2401 334 2461 Quid
359 2403 443 2464 qui
469 2403 712 2463 pervenit,
743 2403 924 2451 fecitne
954 2402 1202 2451 viriliter?
1274 2403 1440 2465 Atqui

201 2467 300 2515 Hic
315 2475 395 2515 est
411 2473 500 2515 aut
517 2484 782 2532 nusquam,
803 2471 937 2532 quod
954 2471 1256 2533 quaerimus.
1308 2469 1408 2517 Hic
1424 2484 1552 2518 onus
1569 2468 1754 2528 horret,

199 2534 274 2581 Ut
297 2535 467 2596 parvis
495 2536 680 2582 animis
706 2542 758 2584 et
781 2552 939 2599 parvo
968 2552 1172 2600 corpore
1197 2538 1389 2598 majus:
1698 2539 1760 2586 40

199 2600 301 2649 Hic
328 2602 466 2650 subit
490 2608 541 2649 et
565 2603 766 2665 perfert.
841 2603 951 2653 Aut
977 2605 1140 2652 virtus
1165 2618 1346 2651 nomen
1371 2603 1521 2650 inane
1546 2606 1639 2663 est,

198 2667 309 2716 Aut
334 2668 487 2716 decus
514 2674 566 2716 et
590 2671 806 2731 pretium
835 2676 966 2717 recte
991 2671 1118 2733 petit
1143 2671 1409 2732 experiens
1434 2670 1524 2718 vir.

267 2734 450 2782 Coram
476 2750 594 2798 rege
622 2751 715 2785 sua
741 2737 802 2784 de
828 2743 1130 2799 paupertate
1156 2742 1385 2784 tacentes

271 2850 292 2885 8
313 2852 455 2898 laedet,
476 2853 610 2890 laedat
713 2854 758 2890 21
782 2855 892 2899 vilia,
914 2866 1051 2890 verum
1156 2854 1201 2890 30
1223 2866 1353 2901 angue
1457 2854 1502 2890 31
1525 2853 1672 2890 vitavit

759 2906 806 2939 34
826 2908 954 2940 tentat
1056 2905 1103 2939 43
1125 2915 1194 2939 suo
