1878 3054
245 166 350 219 120

364 2782 411 2817 ⁵5
430 2780 711 2819 formidolosae
815 2781 861 2823 55
881 2790 970 2816 cum
1075 2778 1121 2814 60
1140 2777 1376 2814 laborarunt
1485 2774 1532 2810 63
1552 2771 1726 2822 superba

754 177 997 216 HORA'I’I
1037 176 1295 216 EPODON

444 309 814 358 Formidolosis
839 310 959 356 dum
983 310 1148 357 latent
1174 309 1318 357 silvis
1342 308 1493 368 ferae,
1579 338 1581 340 -

511 377 662 424 Dulci
699 391 876 439 sopore
913 376 1204 438 languidae,

446 442 644 501 Senem,
673 443 807 505 quod
834 458 1009 490 omnes
1034 443 1250 501 rideant,
1279 442 1570 490 adulterum

514 511 731 557 Latrent
770 509 1066 557 Suburanae
1102 524 1268 568 canes,

444 577 494 625 Ν
499 578 623 625 ardo
647 582 962 640 perunctum,
991 577 1141 639 quale
1167 591 1269 624 non
1293 577 1568 639 perfectius

513 644 662 691 Meae
698 644 976 691 laborarint
1014 657 1283 690 manus.—

447 712 583 773 Quid
610 709 827 759 accidit?
901 710 1006 759 Cur
1031 711 1144 758 dira
1167 710 1411 759 barbarae
1436 710 1607 758 minus

514 779 731 826 Venena
765 777 978 825 Medeae
1016 777 1202 835 valent,

446 846 645 908 Quibus
671 845 943 906 superbam
969 844 1102 906 fugit
1126 844 1237 892 ulta
1259 843 1504 908 pellicem,

514 913 696 974 Magni
735 911 971 960 Creontis
1009 911 1178 970 filiam,

450 981 581 1030 Cum
604 979 756 1041 palla,
781 980 904 1026 tabo
930 994 1117 1026 munus
1141 979 1408 1037 imbutum,
1435 991 1626 1026 novam

515 1046 756 1094 Incendio
793 1051 1007 1109 nuptam
1046 1043 1298 1093 abstulit?

450 1113 613 1177 Atqui
640 1129 731 1160 nec
755 1113 911 1160 herba
936 1128 1028 1160 nec
1054 1113 1219 1160 latens
1245 1112 1297 1160 in
1325 1112 1521 1175 asperis

517 1181 700 1228 Radix«
725 1180 902 1227 fefellit
938 1195 1018 1226 me
1055 1180 1192 1228 locis,

451 1248 705 1296 Indormit
740 1247 910 1295 unctis
947 1247 1174 1294 omnium
1209 1245 1461 1294 cubilibus

520 1314 788 1362 Oblivione
823 1314 1147 1377 pellicum.—

452 1380 572 1432 Ah!
609 1380 705 1429 ahl
742 1381 942 1428 solutus
969 1380 1202 1428 ambulat
1226 1378 1480 1428 veneficae

526 1448 823 1496 Scientioris
859 1447 1094 1495 carmine.

452 1515 573 1564 Non
609 1515 828 1573 usitatis
867 1515 1021 1572 Vare,
1058 1513 1368 1577 potionibuS,

521 1581 565 1630 O
602 1582 767 1629 multa
800 1581 1036 1629 fleturum
1073 1586 1238 1644 caput,

454 1648 541 1698 Ad
568 1665 648 1696 me
671 1663 910 1705 recurres,
942 1663 1033 1696 uec
1057 1652 1240 1696 vocata
1263 1661 1407 1695 mens
1430 1650 1524 1694 tua

523 1716 716 1764 Marsis
749 1716 934 1763 redibit
972 1715 1213 1763 vocibus:

455 1783 628 1844 Majus
650 1783 852 1845 parabo,
880 1783 1048 1844 majus
1071 1781 1337 1829 infundam
1360 1779 1458 1828 tibi

523 1850 833 1898 Fastidienti
869 1850 1124 1913 poculum,

457 1918 709 1980 Priusque
735 1917 931 1964 caelum
960 1916 1092 1964 sidet
1115 1914 1326 1963 inferius
1351 1913 1498 1973 mari,

524 1985 725 2031 Tellure
759 1988 993 2047 porrecta
1029 1997 1193 2044 super,

461 2051 628 2114 Quam
654 2066 754 2098 non
781 2064 950 2098 amore
981 2050 1053 2097 sic
1078 2064 1191 2096 meo
1215 2048 1417 2111 flagres,
1443 2047 1520 2096 uti

525 2116 768 2165 Bitumen
805 2118 928 2164 atris
968 2116 1221 2178 ignibuS.''

460 2183 567 2233 Sub
593 2184 718 2231 haec
741 2197 868 2246 puer
894 2185 1006 2244 Jam
1032 2197 1147 2241 non,
1175 2186 1234 2230 ut
1259 2185 1392 2240 ante,
1418 2179 1661 2228 mollibus

526 2251 709 2298 Lenire
746 2251 915 2297 verbis
952 2249 1150 2312 impias,

461 2317 577 2373 Sed,
604 2317 789 2365 dubius
814 2317 947 2364 unde
974 2319 1230 2377 rumperet
1255 2313 1532 2372 silentium,

526 2384 675 2431 Misit
711 2384 997 2446 Thyesteas
1034 2397 1236 2445 preces:

461 2452 723 2499 “Venena
764 2465 1009 2513 magnum
1036 2450 1115 2497 fas
1140 2449 1383 2510 nefasque
1425 2461 1527 2494 non
1553 2445 1728 2494 valent

530 2517 836 2565 Convertere
874 2518 1152 2564 humanam
1189 2515 1386 2575 vicem;

460 2583 602 2632 Diris
639 2599 789 2647 agam
825 2599 948 2644 vos3
985 2584 1095 2630 dira
1132 2577 1406 2630 detestatio

528 2651 685 2711 Nulla
719 2652 952 2714 expiatur
986 2649 1206 2697 victima.
1292 2699 1296 2701 μ

551 2831 598 2866 65
618 2831 810 2869 infectum
914 2820 965 2866 87Ι
980 2829 1150 2875 magica,
1170 2838 1291 2874 maga
1307 2837 1388 2862 non
1408 2837 1428 2860 e
1445 2825 1546 2860 com'.

485 2881 533 2916 88
553 2880 732 2922 humana
751 2879 923 2916 invicem
941 2879 1043 2914 coni.
1063 2878 1131 2924 K„
1151 2877 1318 2914 immani
1337 2876 1424 2913 vice
1442 2874 1541 2910 coni.
1563 2872 1610 2910 P.

1724 310 1788 357 55

1729 635 1848 694 60'

1733 981 1796 1028 65

1735 1313 1799 1364 '10

1741 1647 1803 1696 ’15

1743 1981 1806 2027 80

1744 2313 1807 2360 85

1749 2647 1808 2694 90
