1878 3054
161 142 233 197 58

634 159 869 199 HOBA'I'I
911 161 1258 204 CARMINVM

359 287 570 336 Vivitur
602 305 760 352 parvo
796 291 924 339 bene
961 293 1041 340 cui
1074 299 1344 357 paternum

361 354 604 417 Splendet
641 357 694 403 in
731 372 907 406 mensa
942 361 1083 407 tenui
1120 361 1358 419 salinum,

357 421 407 468 N
411 437 467 469 ec
491 423 629 470 leves
655 438 862 472 somnos
887 426 1041 474 timor
1065 432 1154 475 aut
1177 428 1361 491 cupido

560 489 808 538 Sordidus
845 493 1021 541 aufert.

360 555 495 615 Quid
532 556 674 604 brevi
712 557 868 605 fortes
898 560 1184 621 Jaculamur
1221 576 1349 610 aevo

355 621 562 669 Multa?
633 624 769 684 Quid
807 630 971 674 terras
1007 628 1106 674 alio
1143 629 1370 676 calentes

357 687 475 736 Sole
501 689 796 738 mutamus?
870 692 1074 741 Patriae
1110 695 1225 758 quis
1258 695 1375 743 exul

561 755 625 804 Se
663 773 862 820 quoque
900 759 1075 822 fugit?

357 821 570 870 Scandit
607 829 806 872 aeratas
844 826 1032 874 vitiosa
1066 842 1224 876 naves

358 889 507 947 Oura,
535 904 626 937 nec
651 895 850 939 turmas
876 893 1106 955 equitum
1132 895 1390 959 relinquit,

355 955 508 1004 Ocior
543 957 721 1014 cervis,
761 964 812 1005 et
850 965 1035 1022 agente
1071 961 1272 1010 nimbos

555 1022 706 1071 Ocior
743 1025 894 1074 Euro.

353 1088 549 1137 Laetus
575 1090 627 1138 in
651 1106 895 1152 praesens
921 1094 1123 1142 animus
1147 1095 1284 1158 quod
1307 1096 1443 1145 ultra
1464 1100 1545 1145 est

353 1155 532 1203 Oderit
567 1172 757 1216 curare,
796 1164 849 1207 et
885 1175 1058 1209 amara
1092 1162 1253 1210 lento-

352 1222 622 1286 Temperet
656 1225 795 1287 risu3
831 1226 959 1275 nihil
993 1233 1074 1276 est
1109 1229 1172 1276 ab
1207 1230 1347 1278 omni

551 1291 705 1339 Parte
742 1292 960 1342 beatum.

350 1355 583 1404 Abstulit
608 1358 800 1406 clarum
825 1361 925 1407 cita
949 1376 1087 1409 mors
1111 1362 1383 1423 Achillem,

350 1421 534 1485 Longa
571 1424 851 1473 Tithonum
886 1428 1069 1476 minuit
1104 1435 1350 1489 senectus,

349 1488 419 1537 Et
453 1490 579 1537 mihi
615 1491 798 1550 forsan,
838 1494 931 1541 tibi
967 1495 1102 1557 quod
1137 1497 1353 1560 negarit,

550 1556 785 1620 Porriget
822 1559 958 1609 hora.
1316 1568 1319 1570 ’

349 1621 420 1670 Te
446 1638 628 1686 greges
653 1631 858 1673 centum
885 1626 1182 1692 Siculaeque
1207 1630 1393 1678 circum

347 1689 593 1752 Mugiunt
618 1706 817 1751 vaccae,
845 1693 941 1741 tibi
966 1695 1104 1743 tollit
1128 1695 1386 1744 hinnitum

345 1755 486 1818 Apta
510 1758 775 1820 quadrigis
800 1775 944 1822 equa,
972 1766 1023 1809 te
1048 1762 1128 1809 bis
1153 1763 1283 1811 Afro

550 1825 744 1873 Murice
782 1827 972 1875 tinctae

344 1888 592 1938 Vestiunt
616 1892 792 1940 lanae:
831 1894 956 1941 mihi
978 1910 1140 1958 parva
1165 1911 1284 1944 rura
1306 1901 1359 1945 et

347 1954 595 2018 Spiritum
623 1958 809 2006 Graiae
835 1965 1040 2008 tenuem
1069 1963 1323 2011 Camenae

346 2021 509 2070 Parca
533 2039 633 2070 non
659 2026 877 2073 mendax
900 2028 1056 2087 dedit,
1082 2034 1135 2076 et
1158 2030 1441 2092 malignum

546 2089 790 2153 Spernere
825 2093 1023 2156 volgus

831 2292 1013 2344 XVII.

346 2393 451 2444 Cur
483 2409 563 2442 me
599 2396 835 2458 querellis
871 2399 1132 2447 exanimas
1166 2398 1308 2449 tuis?

343 2460 451 2509 Nec
486 2462 564 2509 dis
602 2463 819 2510 amicum
854 2470 934 2513 est
967 2481 1060 2513 nec
1095 2467 1220 2514 mihi
1253 2472 1305 2515 te
1340 2468 1482 2530 prius

411 2528 576 2587 Obire,
615 2529 902 2590 Maecenas,
940 2547 1167 2580 mearum

481 2594 683 2643 Grande
709 2597 862 2644 decus
888 2598 1216 2663 columenque
1241 2614 1423 2649 rerum.

345 2659 431 2707 Ah
456 2665 506 2708 te
533 2677 673 2709 meae
700 2663 743 2710 si
769 2669 967 2725 partem
993 2666 1191 2713 animae
1216 2667 1353 2730 rapit

342 2725 595 2776 Maturior
630 2729 724 2789 viS,
763 2731 883 2792 quid
919 2746 1087 2780 moror
1122 2733 1296 2792 altera,

1658 432 1716 480 15

1655 761 1715 811 20

1653 1097 1712 1144 25

1651 1430 1712 1476 30

1647 1762 1710 1808 35

1644 2094 1707 2140 40

1668 2668 1695 2715 5

170 2852 218 2891 17
238 2857 371 2891 sontes
425 2855 471 2892 19
491 2857 606 2893 exsul
657 2856 706 2894 26
724 2858 829 2894 laeto
881 2859 929 2895 29
948 2859 1028 2896 cito
1080 2861 1127 2897 31
1146 2861 1270 2898 forset
1321 2862 1342 2898 1
1362 2862 1534 2912 querelis
1587 2865 1610 2900 5
1628 2865 1671 2901 at
