<?xml version="1.0" encoding="UTF-8"?>
<!DOCTYPE html PUBLIC "-//W3C//DTD XHTML 1.0 Transitional//EN"
    "http://www.w3.org/TR/xhtml1/DTD/xhtml1-transitional.dtd">
<html xmlns="http://www.w3.org/1999/xhtml" xml:lang="en" lang="en">
 <head>
  <title>
</title>
<meta http-equiv="Content-Type" content="text/html;charset=utf-8" />
  <meta name='ocr-system' content='tesseract 3.04.00' />
  <meta name='ocr-capabilities' content='ocr_page ocr_carea ocr_par ocr_line ocrx_word'/>
</head>
<body>
  <div class='ocr_page' id='page_1' title='image "./workschase00horauoft_0178.png"; bbox 0 0 1878 3054; ppageno 0'>
   <div class='ocr_carea' id='block_1_1' title="bbox 215 152 1319 208">
    <p class='ocr_par' dir='ltr' id='par_1_1' title="bbox 215 152 1319 208">
     <span class='ocr_line' id='line_1_1' title="bbox 215 152 1319 208; baseline 0.004 -5"><span class='ocrx_word' id='word_1_1' title='bbox 215 152 318 205; x_wconf 84' lang='lat'>174</span> <span class='ocrx_word' id='word_1_2' title='bbox 665 165 905 206; x_wconf 75' lang='grc' dir='ltr'><strong>ΗοΒΑΤΙ</strong></span> <span class='ocrx_word' id='word_1_3' title='bbox 948 165 1319 208; x_wconf 70' lang='lat' dir='ltr'>sArmARvu</span> 
     </span>
    </p>
   </div>
   <div class='ocr_carea' id='block_1_2' title="bbox 210 297 1766 502">
    <p class='ocr_par' dir='ltr' id='par_1_2' title="bbox 210 297 1766 502">
     <span class='ocr_line' id='line_1_2' title="bbox 277 297 1563 364; baseline 0.005 -19"><span class='ocrx_word' id='word_1_4' title='bbox 277 297 572 346; x_wconf 90' lang='lat' dir='ltr'>Libertinus</span> <span class='ocrx_word' id='word_1_5' title='bbox 596 304 720 358; x_wconf 86' lang='lat' dir='ltr'>erat,</span> <span class='ocrx_word' id='word_1_6' title='bbox 749 300 835 363; x_wconf 91' lang='lat' dir='ltr'>qui</span> <span class='ocrx_word' id='word_1_7' title='bbox 860 301 1048 348; x_wconf 90' lang='lat' dir='ltr'>circum</span> <span class='ocrx_word' id='word_1_8' title='bbox 1074 302 1297 364; x_wconf 85' lang='lat' dir='ltr'>compita</span> <span class='ocrx_word' id='word_1_9' title='bbox 1322 303 1485 352; x_wconf 89' lang='lat' dir='ltr'>siccus</span> <span class='ocrx_word' id='word_1_10' title='bbox 1560 320 1563 322; x_wconf 89' lang='lat'>·</span> 
     </span>
     <span class='ocr_line' id='line_1_3' title="bbox 210 365 1631 419; baseline 0.005 -7"><span class='ocrx_word' id='word_1_11' title='bbox 210 365 393 413; x_wconf 88' lang='lat' dir='ltr'>Lautis</span> <span class='ocrx_word' id='word_1_12' title='bbox 419 382 566 413; x_wconf 88' lang='lat' dir='ltr'>mane</span> <span class='ocrx_word' id='word_1_13' title='bbox 594 381 748 414; x_wconf 84' lang='lat' dir='ltr'>senex</span> <span class='ocrx_word' id='word_1_14' title='bbox 772 368 1002 414; x_wconf 90' lang='lat' dir='ltr'>manibus</span> <span class='ocrx_word' id='word_1_15' title='bbox 1028 369 1260 415; x_wconf 89' lang='lat' dir='ltr'>currebat</span> <span class='ocrx_word' id='word_1_16' title='bbox 1284 374 1336 416; x_wconf 88' lang='lat' dir='ltr'>et</span> <span class='ocrx_word' id='word_1_17' title='bbox 1361 375 1388 394; x_wconf 79' lang='lat'>‘⁴</span> <span class='ocrx_word' id='word_1_18' title='bbox 1408 371 1581 419; x_wconf 87' lang='lat' dir='ltr'>Unum</span> <span class='ocrx_word' id='word_1_19' title='bbox 1602 374 1631 401; x_wconf 69' lang='lat'>&#39;³</span> 
     </span>
     <span class='ocr_line' id='line_1_4' title="bbox 210 433 1766 502; baseline 0.006 -24"><span class='ocrx_word' id='word_1_20' title='bbox 210 433 264 496; x_wconf 86' lang='lat'>(“</span> <span class='ocrx_word' id='word_1_21' title='bbox 285 434 417 493; x_wconf 80' lang='lat' dir='ltr'>Quid</span> <span class='ocrx_word' id='word_1_22' title='bbox 457 439 563 480; x_wconf 89' lang='lat' dir='ltr'>tam</span> <span class='ocrx_word' id='word_1_23' title='bbox 600 433 924 496; x_wconf 83' lang='lat' dir='ltr'>magnum?&#39;&#39;</span> <span class='ocrx_word' id='word_1_24' title='bbox 962 435 1197 496; x_wconf 85' lang='lat' dir='ltr'>addens),</span> <span class='ocrx_word' id='word_1_25' title='bbox 1227 440 1430 483; x_wconf 87' lang='lat' dir='ltr'>“unum</span> <span class='ocrx_word' id='word_1_26' title='bbox 1466 453 1544 485; x_wconf 89' lang='lat' dir='ltr'>me</span> <span class='ocrx_word' id='word_1_27' title='bbox 1575 442 1766 502; x_wconf 83' lang='lat' dir='ltr'><strong>surpite</strong></span> 
     </span>
    </p>
   </div>
   <div class='ocr_carea' id='block_1_3' title="bbox 190 512 1769 700">
    <p class='ocr_par' dir='ltr' id='par_1_3' title="bbox 190 512 1769 700">
     <span class='ocr_line' id='line_1_5' title="bbox 407 512 557 547; baseline 0.007 -1"><span class='ocrx_word' id='word_1_28' title='bbox 407 512 557 547; x_wconf 77' lang='lat' dir='ltr'>morti</span> 
     </span>
     <span class='ocr_line' id='line_1_6' title="bbox 208 539 1557 635; baseline 0.006 -23"><span class='ocrx_word' id='word_1_29' title='bbox 208 566 303 613; x_wconf 89' lang='lat' dir='ltr'>Dis</span> <span class='ocrx_word' id='word_1_30' title='bbox 328 568 515 614; x_wconf 83' lang='lat' dir='ltr'>etenim</span> <span class='ocrx_word' id='word_1_31' title='bbox 542 539 686 615; x_wconf 73' lang='lat' dir='ltr'>facile</span> <span class='ocrx_word' id='word_1_32' title='bbox 712 574 791 616; x_wconf 90' lang='lat' dir='ltr'>est</span> <span class='ocrx_word' id='word_1_33' title='bbox 808 567 819 616; x_wconf 85' lang='lat'>1</span> <span class='ocrx_word' id='word_1_34' title='bbox 836 571 863 595; x_wconf 81' lang='lat'>&#39;²</span> <span class='ocrx_word' id='word_1_35' title='bbox 900 570 1078 617; x_wconf 90' lang='lat' dir='ltr'>orabat</span> <span class='ocrx_word' id='word_1_36' title='bbox 1101 587 1112 631; x_wconf 83' lang='lat'><em>3</em></span> <span class='ocrx_word' id='word_1_37' title='bbox 1151 553 1306 618; x_wconf 88' lang='lat' dir='ltr'>sanus</span> <span class='ocrx_word' id='word_1_38' title='bbox 1332 572 1557 635; x_wconf 90' lang='lat' dir='ltr'>utrisque</span> 
     </span>
     <span class='ocr_line' id='line_1_7' title="bbox 190 633 1769 700; baseline 0.003 -18"><span class='ocrx_word' id='word_1_39' title='bbox 190 633 438 682; x_wconf 74' lang='lat' dir='ltr'>&#39;Auribus</span> <span class='ocrx_word' id='word_1_40' title='bbox 465 640 616 696; x_wconf 91' lang='lat' dir='ltr'>atque</span> <span class='ocrx_word' id='word_1_41' title='bbox 643 636 832 697; x_wconf 90' lang='lat' dir='ltr'>oculis;</span> <span class='ocrx_word' id='word_1_42' title='bbox 869 643 1107 695; x_wconf 88' lang='lat' dir='ltr'>mentem,</span> <span class='ocrx_word' id='word_1_43' title='bbox 1135 638 1233 684; x_wconf 90' lang='lat' dir='ltr'>nisi</span> <span class='ocrx_word' id='word_1_44' title='bbox 1258 638 1530 700; x_wconf 85' lang='lat' dir='ltr'>litigiosus,</span> <span class='ocrx_word' id='word_1_45' title='bbox 1675 639 1769 686; x_wconf 83' lang='lat'>285</span> 
     </span>
    </p>
   </div>
   <div class='ocr_carea' id='block_1_4' title="bbox 203 700 1770 1636">
    <p class='ocr_par' dir='ltr' id='par_1_4' title="bbox 208 700 1766 768">
     <span class='ocr_line' id='line_1_8' title="bbox 208 700 1766 768; baseline 0.004 -21"><span class='ocrx_word' id='word_1_46' title='bbox 208 700 477 762; x_wconf 80' lang='lat' dir='ltr'>Exciperet</span> <span class='ocrx_word' id='word_1_47' title='bbox 503 702 736 749; x_wconf 89' lang='lat' dir='ltr'>dominus</span> <span class='ocrx_word' id='word_1_48' title='bbox 762 718 874 749; x_wconf 88' lang='lat' dir='ltr'>curn</span> <span class='ocrx_word' id='word_1_49' title='bbox 895 704 1148 752; x_wconf 86' lang='lat' dir='ltr'>venderet.</span> <span class='ocrx_word' id='word_1_50' title='bbox 1224 705 1337 752; x_wconf 87' lang='lat' dir='ltr'>Hoc</span> <span class='ocrx_word' id='word_1_51' title='bbox 1363 721 1560 768; x_wconf 89' lang='lat' dir='ltr'>quoque</span> <span class='ocrx_word' id='word_1_52' title='bbox 1582 707 1766 768; x_wconf 83' lang='lat' dir='ltr'>volgus</span> 
     </span>
    </p>

    <p class='ocr_par' dir='ltr' id='par_1_5' title="bbox 208 767 1429 832">
     <span class='ocr_line' id='line_1_9' title="bbox 208 767 1429 832; baseline 0.003 -17"><span class='ocrx_word' id='word_1_53' title='bbox 208 767 527 830; x_wconf 82' lang='lat' dir='ltr'>Chrysippus</span> <span class='ocrx_word' id='word_1_54' title='bbox 552 769 694 831; x_wconf 90' lang='lat' dir='ltr'>ponit</span> <span class='ocrx_word' id='word_1_55' title='bbox 718 769 931 817; x_wconf 88' lang='lat' dir='ltr'>fecunda</span> <span class='ocrx_word' id='word_1_56' title='bbox 956 771 1007 817; x_wconf 90' lang='lat' dir='ltr'>in</span> <span class='ocrx_word' id='word_1_57' title='bbox 1033 775 1185 832; x_wconf 88' lang='lat' dir='ltr'>gente</span> <span class='ocrx_word' id='word_1_58' title='bbox 1213 770 1429 820; x_wconf 88' lang='lat' dir='ltr'>Meneni.</span> 
     </span>
    </p>

    <p class='ocr_par' dir='ltr' id='par_1_6' title="bbox 208 835 1583 900">
     <span class='ocr_line' id='line_1_10' title="bbox 208 835 1583 900; baseline 0.003 -18"><span class='ocrx_word' id='word_1_59' title='bbox 208 839 234 858; x_wconf 89' lang='lat'><strong>“</strong></span> <span class='ocrx_word' id='word_1_60' title='bbox 253 835 287 882; x_wconf 89' lang='lat' dir='ltr'>J</span> <span class='ocrx_word' id='word_1_61' title='bbox 291 836 506 897; x_wconf 88' lang='lat' dir='ltr'>uppiter,</span> <span class='ocrx_word' id='word_1_62' title='bbox 534 836 769 898; x_wconf 84' lang='lat' dir='ltr'>ingentes</span> <span class='ocrx_word' id='word_1_63' title='bbox 796 837 881 897; x_wconf 92' lang='lat' dir='ltr'>qui</span> <span class='ocrx_word' id='word_1_64' title='bbox 907 837 1000 884; x_wconf 90' lang='lat' dir='ltr'>das</span> <span class='ocrx_word' id='word_1_65' title='bbox 1027 838 1308 900; x_wconf 81' lang='lat' dir='ltr'>adimisque</span> <span class='ocrx_word' id='word_1_66' title='bbox 1334 839 1583 896; x_wconf 83' lang='lat' dir='ltr'>dolores‚&#39;⁷</span> 
     </span>
    </p>

    <p class='ocr_par' dir='ltr' id='par_1_7' title="bbox 206 901 1529 967">
     <span class='ocr_line' id='line_1_11' title="bbox 206 901 1529 967; baseline 0.005 -20"><span class='ocrx_word' id='word_1_67' title='bbox 206 901 375 948; x_wconf 80' lang='lat' dir='ltr'>Mater</span> <span class='ocrx_word' id='word_1_68' title='bbox 402 903 472 948; x_wconf 89' lang='lat' dir='ltr'>ait</span> <span class='ocrx_word' id='word_1_69' title='bbox 497 902 639 964; x_wconf 92' lang='lat' dir='ltr'>pueri</span> <span class='ocrx_word' id='word_1_70' title='bbox 667 917 868 950; x_wconf 86' lang='lat' dir='ltr'>menses</span> <span class='ocrx_word' id='word_1_71' title='bbox 895 905 1001 964; x_wconf 76' lang='lat' dir='ltr'>Jam</span> <span class='ocrx_word' id='word_1_72' title='bbox 1031 905 1253 967; x_wconf 90' lang='lat' dir='ltr'>quinque</span> <span class='ocrx_word' id='word_1_73' title='bbox 1278 906 1529 965; x_wconf 88' lang='lat' dir='ltr'>cubantis,</span> 
     </span>
    </p>

    <p class='ocr_par' dir='ltr' id='par_1_8' title="bbox 206 968 1769 1034">
     <span class='ocr_line' id='line_1_12' title="bbox 206 968 1769 1034; baseline 0.003 -20"><span class='ocrx_word' id='word_1_74' title='bbox 206 968 466 1030; x_wconf 88' lang='lat' dir='ltr'>“Frigida</span> <span class='ocrx_word' id='word_1_75' title='bbox 493 970 534 1015; x_wconf 91' lang='lat' dir='ltr'>si</span> <span class='ocrx_word' id='word_1_76' title='bbox 561 985 771 1031; x_wconf 90' lang='lat' dir='ltr'>puerum</span> <span class='ocrx_word' id='word_1_77' title='bbox 800 976 1051 1031; x_wconf 89' lang='lat' dir='ltr'>quartana</span> <span class='ocrx_word' id='word_1_78' title='bbox 1076 971 1346 1034; x_wconf 87' lang='lat' dir='ltr'>reliquerit,</span> <span class='ocrx_word' id='word_1_79' title='bbox 1374 972 1462 1020; x_wconf 89' lang='lat' dir='ltr'>illo</span> <span class='ocrx_word' id='word_1_80' title='bbox 1676 970 1769 1018; x_wconf 84' lang='lat'>290</span> 
     </span>
    </p>

    <p class='ocr_par' dir='ltr' id='par_1_9' title="bbox 205 1035 1326 1099">
     <span class='ocr_line' id='line_1_13' title="bbox 205 1035 1326 1099; baseline 0.004 -17"><span class='ocrx_word' id='word_1_81' title='bbox 205 1035 359 1082; x_wconf 90' lang='lat' dir='ltr'>Mane</span> <span class='ocrx_word' id='word_1_82' title='bbox 386 1036 480 1094; x_wconf 90' lang='lat' dir='ltr'>die,</span> <span class='ocrx_word' id='word_1_83' title='bbox 508 1051 606 1098; x_wconf 90' lang='lat' dir='ltr'>quo</span> <span class='ocrx_word' id='word_1_84' title='bbox 634 1043 689 1082; x_wconf 89' lang='lat' dir='ltr'>tu</span> <span class='ocrx_word' id='word_1_85' title='bbox 713 1036 897 1084; x_wconf 90' lang='lat' dir='ltr'>indicis</span> <span class='ocrx_word' id='word_1_86' title='bbox 923 1038 1131 1099; x_wconf 75' lang='lat' dir='ltr'>jeJunia,</span> <span class='ocrx_word' id='word_1_87' title='bbox 1159 1039 1326 1086; x_wconf 90' lang='lat' dir='ltr'>nudus</span> 
     </span>
    </p>

    <p class='ocr_par' dir='ltr' id='par_1_10' title="bbox 204 1102 1457 1154">
     <span class='ocr_line' id='line_1_14' title="bbox 204 1102 1457 1154; baseline 0.004 -6"><span class='ocrx_word' id='word_1_88' title='bbox 204 1102 267 1149; x_wconf 94' lang='lat' dir='ltr'>In</span> <span class='ocrx_word' id='word_1_89' title='bbox 293 1102 463 1149; x_wconf 87' lang='lat' dir='ltr'>Tiberi</span> <span class='ocrx_word' id='word_1_90' title='bbox 489 1103 692 1150; x_wconf 86' lang='lat' dir='ltr'>stabit.’&#39;</span> <span class='ocrx_word' id='word_1_91' title='bbox 767 1103 933 1151; x_wconf 87' lang='lat' dir='ltr'>Casus</span> <span class='ocrx_word' id='word_1_92' title='bbox 960 1105 1247 1153; x_wconf 82' lang='lat' dir='ltr'>medicusve</span> <span class='ocrx_word' id='word_1_93' title='bbox 1274 1106 1457 1154; x_wconf 85' lang='lat' dir='ltr'>leva-rit</span> 
     </span>
    </p>

    <p class='ocr_par' dir='ltr' id='par_1_11' title="bbox 204 1169 1447 1233">
     <span class='ocr_line' id='line_1_15' title="bbox 204 1169 1447 1233; baseline 0.002 -15"><span class='ocrx_word' id='word_1_94' title='bbox 204 1169 432 1231; x_wconf 85' lang='lat' dir='ltr'>Aegrum</span> <span class='ocrx_word' id='word_1_95' title='bbox 457 1185 519 1217; x_wconf 89' lang='lat' dir='ltr'>ex</span> <span class='ocrx_word' id='word_1_96' title='bbox 542 1170 835 1233; x_wconf 84' lang='lat' dir='ltr'>praecipiti:</span> <span class='ocrx_word' id='word_1_97' title='bbox 874 1176 1036 1218; x_wconf 81' lang='lat' dir='ltr'>mater</span> <span class='ocrx_word' id='word_1_98' title='bbox 1061 1170 1222 1219; x_wconf 87' lang='lat' dir='ltr'>delira</span> <span class='ocrx_word' id='word_1_99' title='bbox 1246 1173 1447 1221; x_wconf 87' lang='lat' dir='ltr'>necabit</span> 
     </span>
    </p>

    <p class='ocr_par' dir='ltr' id='par_1_12' title="bbox 203 1236 1323 1301">
     <span class='ocr_line' id='line_1_16' title="bbox 203 1236 1323 1301; baseline 0.005 -19"><span class='ocrx_word' id='word_1_100' title='bbox 203 1237 265 1283; x_wconf 93' lang='lat' dir='ltr'>In</span> <span class='ocrx_word' id='word_1_101' title='bbox 291 1237 461 1298; x_wconf 83' lang='lat' dir='ltr'>gelida</span> <span class='ocrx_word' id='word_1_102' title='bbox 487 1236 639 1283; x_wconf 82' lang='lat' dir='ltr'>fixum</span> <span class='ocrx_word' id='word_1_103' title='bbox 666 1237 777 1299; x_wconf 89' lang='lat' dir='ltr'>ripa</span> <span class='ocrx_word' id='word_1_104' title='bbox 802 1238 1079 1301; x_wconf 85' lang='lat' dir='ltr'>febrimque</span> <span class='ocrx_word' id='word_1_105' title='bbox 1103 1240 1323 1288; x_wconf 87' lang='lat' dir='ltr'>reducet.</span> 
     </span>
    </p>

    <p class='ocr_par' dir='ltr' id='par_1_13' title="bbox 207 1303 1770 1434">
     <span class='ocr_line' id='line_1_17' title="bbox 207 1303 1770 1364; baseline 0.001 -15"><span class='ocrx_word' id='word_1_106' title='bbox 207 1304 385 1364; x_wconf 82' lang='lat' dir='ltr'>Quone</span> <span class='ocrx_word' id='word_1_107' title='bbox 402 1303 535 1350; x_wconf 88' lang='lat' dir='ltr'>malo</span> <span class='ocrx_word' id='word_1_108' title='bbox 553 1309 771 1351; x_wconf 89' lang='lat' dir='ltr'>mentem</span> <span class='ocrx_word' id='word_1_109' title='bbox 788 1304 1066 1353; x_wconf 84' lang='lat' dir='ltr'>concussa?</span> <span class='ocrx_word' id='word_1_110' title='bbox 1106 1305 1307 1354; x_wconf 88' lang='lat' dir='ltr'>Timore</span> <span class='ocrx_word' id='word_1_111' title='bbox 1324 1307 1651 1356; x_wconf 88' lang='lat' dir='ltr'>deorum.’&#39;—</span> <span class='ocrx_word' id='word_1_112' title='bbox 1677 1305 1770 1351; x_wconf 79' lang='lat'>295</span> 
     </span>
     <span class='ocr_line' id='line_1_18' title="bbox 271 1370 1648 1434; baseline 0.004 -17"><span class='ocrx_word' id='word_1_113' title='bbox 271 1370 414 1418; x_wconf 90' lang='lat' dir='ltr'>Haec</span> <span class='ocrx_word' id='word_1_114' title='bbox 441 1370 565 1417; x_wconf 90' lang='lat' dir='ltr'>mihi</span> <span class='ocrx_word' id='word_1_115' title='bbox 594 1370 883 1430; x_wconf 83' lang='lat' dir='ltr'>Stertinius,</span> <span class='ocrx_word' id='word_1_116' title='bbox 912 1373 1201 1434; x_wconf 88' lang='lat' dir='ltr'>sapientum</span> <span class='ocrx_word' id='word_1_117' title='bbox 1227 1379 1456 1432; x_wconf 85' lang='lat' dir='ltr'>octavus,</span> <span class='ocrx_word' id='word_1_118' title='bbox 1486 1375 1648 1422; x_wconf 87' lang='lat' dir='ltr'>amico</span> 
     </span>
    </p>

    <p class='ocr_par' dir='ltr' id='par_1_14' title="bbox 203 1436 1460 1501">
     <span class='ocr_line' id='line_1_19' title="bbox 203 1436 1460 1501; baseline 0.003 -18"><span class='ocrx_word' id='word_1_119' title='bbox 203 1436 366 1484; x_wconf 86' lang='lat' dir='ltr'>Arma</span> <span class='ocrx_word' id='word_1_120' title='bbox 391 1438 544 1494; x_wconf 85' lang='lat' dir='ltr'>dedit,</span> <span class='ocrx_word' id='word_1_121' title='bbox 570 1437 786 1500; x_wconf 85' lang='lat' dir='ltr'>posthac</span> <span class='ocrx_word' id='word_1_122' title='bbox 811 1453 873 1485; x_wconf 90' lang='lat' dir='ltr'>ne</span> <span class='ocrx_word' id='word_1_123' title='bbox 900 1439 1228 1501; x_wconf 89' lang='lat' dir='ltr'>compellarer</span> <span class='ocrx_word' id='word_1_124' title='bbox 1252 1440 1460 1488; x_wconf 89' lang='lat' dir='ltr'>inultus.</span> 
     </span>
    </p>

    <p class='ocr_par' dir='ltr' id='par_1_15' title="bbox 206 1504 1529 1570">
     <span class='ocr_line' id='line_1_20' title="bbox 206 1504 1529 1570; baseline 0.004 -20"><span class='ocrx_word' id='word_1_125' title='bbox 206 1504 406 1551; x_wconf 88' lang='lat' dir='ltr'>Dixerit</span> <span class='ocrx_word' id='word_1_126' title='bbox 431 1505 667 1551; x_wconf 91' lang='lat' dir='ltr'>insanum</span> <span class='ocrx_word' id='word_1_127' title='bbox 693 1506 778 1567; x_wconf 91' lang='lat' dir='ltr'>qui</span> <span class='ocrx_word' id='word_1_128' title='bbox 806 1520 897 1562; x_wconf 87' lang='lat' dir='ltr'>me,</span> <span class='ocrx_word' id='word_1_129' title='bbox 925 1506 1137 1553; x_wconf 89' lang='lat' dir='ltr'>totidem</span> <span class='ocrx_word' id='word_1_130' title='bbox 1164 1507 1349 1565; x_wconf 84' lang='lat' dir='ltr'>audiet,</span> <span class='ocrx_word' id='word_1_131' title='bbox 1378 1513 1529 1570; x_wconf 91' lang='lat' dir='ltr'>atque</span> 
     </span>
    </p>

    <p class='ocr_par' dir='ltr' id='par_1_16' title="bbox 203 1570 1347 1636">
     <span class='ocr_line' id='line_1_21' title="bbox 203 1570 1347 1636; baseline 0.003 -19"><span class='ocrx_word' id='word_1_132' title='bbox 203 1570 474 1633; x_wconf 87' lang='lat' dir='ltr'>Respicere</span> <span class='ocrx_word' id='word_1_133' title='bbox 499 1572 677 1633; x_wconf 86' lang='lat' dir='ltr'>ignoto</span> <span class='ocrx_word' id='word_1_134' title='bbox 703 1572 864 1619; x_wconf 88' lang='lat' dir='ltr'>discet</span> <span class='ocrx_word' id='word_1_135' title='bbox 888 1573 1162 1635; x_wconf 89' lang='lat' dir='ltr'>pendentia</span> <span class='ocrx_word' id='word_1_136' title='bbox 1187 1578 1347 1636; x_wconf 85' lang='lat' dir='ltr'>tergo.</span> 
     </span>
    </p>
   </div>
   <div class='ocr_carea' id='block_1_5' title="bbox 203 1711 1764 2705">
    <p class='ocr_par' dir='ltr' id='par_1_17' title="bbox 269 1711 1764 1842">
     <span class='ocr_line' id='line_1_22' title="bbox 269 1711 1764 1775; baseline 0.003 -15"><span class='ocrx_word' id='word_1_137' title='bbox 269 1712 446 1760; x_wconf 79' lang='lat' dir='ltr'>Horat.</span> <span class='ocrx_word' id='word_1_138' title='bbox 513 1711 697 1770; x_wconf 88' lang='lat' dir='ltr'>Stoice,</span> <span class='ocrx_word' id='word_1_139' title='bbox 747 1716 866 1775; x_wconf 88' lang='lat' dir='ltr'>post</span> <span class='ocrx_word' id='word_1_140' title='bbox 914 1713 1156 1760; x_wconf 84' lang='lat' dir='ltr'>damnum</span> <span class='ocrx_word' id='word_1_141' title='bbox 1217 1714 1287 1762; x_wconf 91' lang='lat' dir='ltr'>sic</span> <span class='ocrx_word' id='word_1_142' title='bbox 1338 1715 1529 1763; x_wconf 84' lang='lat' dir='ltr'>vendas</span> <span class='ocrx_word' id='word_1_143' title='bbox 1591 1718 1764 1764; x_wconf 87' lang='lat' dir='ltr'>omnia</span> 
     </span>
     <span class='ocr_line' id='line_1_23' title="bbox 401 1779 1763 1842; baseline 0.001 -17"><span class='ocrx_word' id='word_1_144' title='bbox 401 1779 576 1842; x_wconf 82' lang='lat' dir='ltr'>pluris,</span> <span class='ocrx_word' id='word_1_145' title='bbox 1667 1783 1763 1827; x_wconf 89' lang='lat'>300</span> 
     </span>
    </p>

    <p class='ocr_par' dir='ltr' id='par_1_18' title="bbox 203 1846 1763 2705">
     <span class='ocr_line' id='line_1_24' title="bbox 205 1846 1559 1911; baseline 0.003 -19"><span class='ocrx_word' id='word_1_146' title='bbox 205 1847 318 1907; x_wconf 80' lang='lat' dir='ltr'>Qua</span> <span class='ocrx_word' id='word_1_147' title='bbox 341 1862 419 1893; x_wconf 91' lang='lat' dir='ltr'>me</span> <span class='ocrx_word' id='word_1_148' title='bbox 447 1846 678 1905; x_wconf 88' lang='lat' dir='ltr'>stultitia,</span> <span class='ocrx_word' id='word_1_149' title='bbox 706 1847 945 1909; x_wconf 91' lang='lat' dir='ltr'>quoniam</span> <span class='ocrx_word' id='word_1_150' title='bbox 970 1863 1071 1895; x_wconf 91' lang='lat' dir='ltr'>non</span> <span class='ocrx_word' id='word_1_151' title='bbox 1095 1852 1175 1895; x_wconf 87' lang='lat' dir='ltr'>est</span> <span class='ocrx_word' id='word_1_152' title='bbox 1200 1863 1362 1911; x_wconf 84' lang='lat' dir='ltr'>genus</span> <span class='ocrx_word' id='word_1_153' title='bbox 1387 1865 1559 1908; x_wconf 89' lang='lat' dir='ltr'>unum,</span> 
     </span>
     <span class='ocr_line' id='line_1_25' title="bbox 203 1912 1514 1975; baseline 0.002 -14"><span class='ocrx_word' id='word_1_154' title='bbox 203 1913 431 1961; x_wconf 90' lang='lat' dir='ltr'>Insanire</span> <span class='ocrx_word' id='word_1_155' title='bbox 456 1912 645 1975; x_wconf 86' lang='lat' dir='ltr'>putas?</span> <span class='ocrx_word' id='word_1_156' title='bbox 716 1914 830 1974; x_wconf 86' lang='lat' dir='ltr'>Ego</span> <span class='ocrx_word' id='word_1_157' title='bbox 855 1930 974 1961; x_wconf 90' lang='lat' dir='ltr'>nam</span> <span class='ocrx_word' id='word_1_158' title='bbox 1001 1915 1174 1963; x_wconf 90' lang='lat' dir='ltr'>videor</span> <span class='ocrx_word' id='word_1_159' title='bbox 1197 1915 1319 1962; x_wconf 92' lang='lat' dir='ltr'>mihi</span> <span class='ocrx_word' id='word_1_160' title='bbox 1345 1931 1514 1964; x_wconf 89' lang='lat' dir='ltr'>sanus.</span> 
     </span>
     <span class='ocr_line' id='line_1_26' title="bbox 203 1979 1762 2045; baseline 0.003 -18"><span class='ocrx_word' id='word_1_161' title='bbox 203 1982 354 2027; x_wconf 82' lang='lat' dir='ltr'>Dam.</span> <span class='ocrx_word' id='word_1_162' title='bbox 377 1979 539 2040; x_wconf 83' lang='lat' dir='ltr'>Quid?</span> <span class='ocrx_word' id='word_1_163' title='bbox 563 1985 715 2042; x_wconf 87' lang='lat' dir='ltr'>caput</span> <span class='ocrx_word' id='word_1_164' title='bbox 729 1982 1010 2028; x_wconf 86' lang='lat' dir='ltr'>abscissum</span> <span class='ocrx_word' id='word_1_165' title='bbox 1023 1982 1258 2029; x_wconf 88' lang='lat' dir='ltr'>manibus</span> <span class='ocrx_word' id='word_1_166' title='bbox 1270 1997 1383 2029; x_wconf 91' lang='lat' dir='ltr'>cum</span> <span class='ocrx_word' id='word_1_167' title='bbox 1397 1988 1567 2045; x_wconf 85' lang='lat' dir='ltr'>port-at</span> <span class='ocrx_word' id='word_1_168' title='bbox 1580 1983 1762 2045; x_wconf 87' lang='lat' dir='ltr'>Agave</span> 
     </span>
     <span class='ocr_line' id='line_1_27' title="bbox 206 2046 1351 2105; baseline 0.002 -11"><span class='ocrx_word' id='word_1_169' title='bbox 206 2046 358 2094; x_wconf 85' lang='lat' dir='ltr'>Gnati</span> <span class='ocrx_word' id='word_1_170' title='bbox 386 2047 613 2105; x_wconf 90' lang='lat' dir='ltr'>infelicis,</span> <span class='ocrx_word' id='word_1_171' title='bbox 642 2047 737 2093; x_wconf 90' lang='lat' dir='ltr'>sibi</span> <span class='ocrx_word' id='word_1_172' title='bbox 762 2052 871 2094; x_wconf 90' lang='lat' dir='ltr'>tum</span> <span class='ocrx_word' id='word_1_173' title='bbox 898 2048 1089 2095; x_wconf 88' lang='lat' dir='ltr'>furiosa</span> <span class='ocrx_word' id='word_1_174' title='bbox 1114 2047 1351 2096; x_wconf 78' lang='lat' dir='ltr'>videtur?</span> 
     </span>
     <span class='ocr_line' id='line_1_28' title="bbox 204 2113 1763 2180; baseline 0.002 -19"><span class='ocrx_word' id='word_1_175' title='bbox 204 2114 382 2161; x_wconf 77' lang='lat' dir='ltr'>Horat.</span> <span class='ocrx_word' id='word_1_176' title='bbox 426 2113 651 2160; x_wconf 86' lang='lat' dir='ltr'>Stultum</span> <span class='ocrx_word' id='word_1_177' title='bbox 671 2129 750 2160; x_wconf 90' lang='lat' dir='ltr'>me</span> <span class='ocrx_word' id='word_1_178' title='bbox 771 2114 946 2171; x_wconf 85' lang='lat' dir='ltr'>fateor,</span> <span class='ocrx_word' id='word_1_179' title='bbox 971 2115 1147 2177; x_wconf 87' lang='lat' dir='ltr'>(liceat</span> <span class='ocrx_word' id='word_1_180' title='bbox 1167 2116 1437 2163; x_wconf 85' lang='lat' dir='ltr'>concedere</span> <span class='ocrx_word' id='word_1_181' title='bbox 1458 2116 1637 2180; x_wconf 87' lang='lat' dir='ltr'>veris,)</span> <span class='ocrx_word' id='word_1_182' title='bbox 1669 2117 1763 2164; x_wconf 90' lang='lat'>305</span> 
     </span>
     <span class='ocr_line' id='line_1_29' title="bbox 206 2181 1703 2245; baseline 0.001 -18"><span class='ocrx_word' id='word_1_183' title='bbox 206 2181 377 2242; x_wconf 89' lang='lat' dir='ltr'>Atque</span> <span class='ocrx_word' id='word_1_184' title='bbox 403 2181 558 2226; x_wconf 85' lang='lat' dir='ltr'>etiarn</span> <span class='ocrx_word' id='word_1_185' title='bbox 584 2181 849 2241; x_wconf 79' lang='lat' dir='ltr'>insanum3</span> <span class='ocrx_word' id='word_1_186' title='bbox 885 2186 1084 2228; x_wconf 89' lang='lat' dir='ltr'>tantum</span> <span class='ocrx_word' id='word_1_187' title='bbox 1113 2182 1207 2229; x_wconf 93' lang='lat' dir='ltr'>hoc</span> <span class='ocrx_word' id='word_1_188' title='bbox 1231 2183 1468 2240; x_wconf 86' lang='lat' dir='ltr'>edissere,</span> <span class='ocrx_word' id='word_1_189' title='bbox 1499 2199 1598 2245; x_wconf 91' lang='lat' dir='ltr'>quo</span> <span class='ocrx_word' id='word_1_190' title='bbox 1626 2199 1703 2230; x_wconf 91' lang='lat' dir='ltr'>me</span> 
     </span>
     <span class='ocr_line' id='line_1_30' title="bbox 205 2246 1762 2312; baseline 0.002 -20"><span class='ocrx_word' id='word_1_191' title='bbox 205 2248 487 2307; x_wconf 79' lang='lat' dir='ltr'>Acgrotare</span> <span class='ocrx_word' id='word_1_192' title='bbox 513 2252 660 2307; x_wconf 89' lang='lat' dir='ltr'>putes</span> <span class='ocrx_word' id='word_1_193' title='bbox 687 2247 844 2294; x_wconf 88' lang='lat' dir='ltr'>animi</span> <span class='ocrx_word' id='word_1_194' title='bbox 871 2246 1033 2295; x_wconf 84' lang='lat' dir='ltr'>vitio?</span> <span class='ocrx_word' id='word_1_195' title='bbox 1105 2250 1253 2296; x_wconf 80' lang='lat' dir='ltr'>Dam.</span> <span class='ocrx_word' id='word_1_196' title='bbox 1294 2250 1513 2312; x_wconf 88' lang='lat' dir='ltr'>Accipe:</span> <span class='ocrx_word' id='word_1_197' title='bbox 1542 2251 1762 2311; x_wconf 88' lang='lat' dir='ltr'>primum</span> 
     </span>
     <span class='ocr_line' id='line_1_31' title="bbox 207 2313 1403 2375; baseline 0.001 -14"><span class='ocrx_word' id='word_1_198' title='bbox 207 2314 476 2370; x_wconf 85' lang='lat' dir='ltr'>Aedificas,</span> <span class='ocrx_word' id='word_1_199' title='bbox 506 2313 598 2360; x_wconf 89' lang='lat' dir='ltr'>hoc</span> <span class='ocrx_word' id='word_1_200' title='bbox 623 2319 716 2370; x_wconf 88' lang='lat' dir='ltr'>est,</span> <span class='ocrx_word' id='word_1_201' title='bbox 743 2315 924 2375; x_wconf 84' lang='lat' dir='ltr'>longos</span> <span class='ocrx_word' id='word_1_202' title='bbox 952 2315 1184 2370; x_wconf 89' lang='lat' dir='ltr'>imitaris,</span> <span class='ocrx_word' id='word_1_203' title='bbox 1215 2315 1277 2362; x_wconf 94' lang='lat' dir='ltr'>ab</span> <span class='ocrx_word' id='word_1_204' title='bbox 1303 2316 1403 2362; x_wconf 92' lang='lat' dir='ltr'>imo</span> 
     </span>
     <span class='ocr_line' id='line_1_32' title="bbox 206 2381 1507 2444; baseline 0 -14"><span class='ocrx_word' id='word_1_205' title='bbox 206 2381 291 2430; x_wconf 89' lang='lat' dir='ltr'>Ad</span> <span class='ocrx_word' id='word_1_206' title='bbox 318 2395 570 2426; x_wconf 89' lang='lat' dir='ltr'>summum</span> <span class='ocrx_word' id='word_1_207' title='bbox 598 2386 738 2427; x_wconf 88' lang='lat' dir='ltr'>totus</span> <span class='ocrx_word' id='word_1_208' title='bbox 764 2382 956 2428; x_wconf 90' lang='lat' dir='ltr'>moduli</span> <span class='ocrx_word' id='word_1_209' title='bbox 982 2382 1261 2444; x_wconf 87' lang='lat' dir='ltr'>bipedalis;</span> <span class='ocrx_word' id='word_1_210' title='bbox 1299 2388 1350 2429; x_wconf 85' lang='lat' dir='ltr'>et</span> <span class='ocrx_word' id='word_1_211' title='bbox 1374 2383 1507 2430; x_wconf 91' lang='lat' dir='ltr'>idem</span> 
     </span>
     <span class='ocr_line' id='line_1_33' title="bbox 209 2447 1759 2508; baseline 0.002 -13"><span class='ocrx_word' id='word_1_212' title='bbox 209 2447 430 2508; x_wconf 83' lang='lat' dir='ltr'>Corpore</span> <span class='ocrx_word' id='word_1_213' title='bbox 456 2449 696 2507; x_wconf 87' lang='lat' dir='ltr'>majorem</span> <span class='ocrx_word' id='word_1_214' title='bbox 720 2448 854 2495; x_wconf 86' lang='lat' dir='ltr'>rides</span> <span class='ocrx_word' id='word_1_215' title='bbox 880 2448 1134 2495; x_wconf 82' lang='lat' dir='ltr'>Turbonis</span> <span class='ocrx_word' id='word_1_216' title='bbox 1160 2449 1211 2495; x_wconf 92' lang='lat' dir='ltr'>in</span> <span class='ocrx_word' id='word_1_217' title='bbox 1238 2450 1391 2496; x_wconf 81' lang='lat' dir='ltr'>armiS</span> <span class='ocrx_word' id='word_1_218' title='bbox 1662 2452 1759 2498; x_wconf 80' lang='grc'>310</span> 
     </span>
     <span class='ocr_line' id='line_1_34' title="bbox 210 2514 1579 2576; baseline 0.001 -15"><span class='ocrx_word' id='word_1_219' title='bbox 210 2514 454 2575; x_wconf 88' lang='lat' dir='ltr'>Spiritum</span> <span class='ocrx_word' id='word_1_220' title='bbox 481 2518 532 2560; x_wconf 92' lang='lat' dir='ltr'>et</span> <span class='ocrx_word' id='word_1_221' title='bbox 558 2514 810 2560; x_wconf 87' lang='lat' dir='ltr'>incessum</span> <span class='ocrx_word' id='word_1_222' title='bbox 833 2532 843 2560; x_wconf 76' lang='grc' dir='ltr'>ε</span> <span class='ocrx_word' id='word_1_223' title='bbox 882 2516 967 2576; x_wconf 89' lang='lat' dir='ltr'>qui</span> <span class='ocrx_word' id='word_1_224' title='bbox 992 2515 1234 2562; x_wconf 89' lang='lat' dir='ltr'>ridiculus</span> <span class='ocrx_word' id='word_1_225' title='bbox 1261 2517 1429 2562; x_wconf 91' lang='lat' dir='ltr'>minus</span> <span class='ocrx_word' id='word_1_226' title='bbox 1454 2515 1579 2564; x_wconf 87' lang='lat' dir='ltr'>illo?</span> 
     </span>
     <span class='ocr_line' id='line_1_35' title="bbox 206 2581 1759 2644; baseline 0.003 -18"><span class='ocrx_word' id='word_1_227' title='bbox 206 2582 292 2627; x_wconf 91' lang='lat' dir='ltr'>An</span> <span class='ocrx_word' id='word_1_228' title='bbox 317 2581 665 2642; x_wconf 89' lang='lat' dir='ltr'>quodcumque</span> <span class='ocrx_word' id='word_1_229' title='bbox 692 2581 812 2627; x_wconf 86' lang='lat' dir='ltr'>facit</span> <span class='ocrx_word' id='word_1_230' title='bbox 838 2581 1124 2639; x_wconf 87' lang='lat' dir='ltr'>Maecenas,</span> <span class='ocrx_word' id='word_1_231' title='bbox 1152 2587 1201 2629; x_wconf 90' lang='lat' dir='ltr'>te</span> <span class='ocrx_word' id='word_1_232' title='bbox 1228 2598 1425 2644; x_wconf 90' lang='lat' dir='ltr'>quoque</span> <span class='ocrx_word' id='word_1_233' title='bbox 1452 2598 1627 2630; x_wconf 89' lang='lat' dir='ltr'>verum</span> <span class='ocrx_word' id='word_1_234' title='bbox 1664 2587 1759 2641; x_wconf 82' lang='lat' dir='ltr'>est,</span> 
     </span>
     <span class='ocr_line' id='line_1_36' title="bbox 209 2647 1542 2705; baseline 0.002 -12"><span class='ocrx_word' id='word_1_235' title='bbox 209 2647 429 2693; x_wconf 89' lang='lat' dir='ltr'>Tantum</span> <span class='ocrx_word' id='word_1_236' title='bbox 454 2647 769 2705; x_wconf 85' lang='lat' dir='ltr'>dissimilem,</span> <span class='ocrx_word' id='word_1_237' title='bbox 797 2652 848 2693; x_wconf 90' lang='lat' dir='ltr'>et</span> <span class='ocrx_word' id='word_1_238' title='bbox 872 2652 1016 2694; x_wconf 86' lang='lat' dir='ltr'>tanto</span> <span class='ocrx_word' id='word_1_239' title='bbox 1042 2654 1233 2695; x_wconf 87' lang='lat' dir='ltr'>certare</span> <span class='ocrx_word' id='word_1_240' title='bbox 1259 2649 1501 2695; x_wconf 89' lang='lat' dir='ltr'>minorem</span> <span class='ocrx_word' id='word_1_241' title='bbox 1522 2648 1542 2696; x_wconf 73' lang='lat'>⁶?</span> 
     </span>
    </p>
   </div>
   <div class='ocr_carea' id='block_1_6' title="bbox 257 2764 1715 2902">
    <p class='ocr_par' dir='ltr' id='par_1_19' title="bbox 257 2764 1715 2902">
     <span class='ocr_line' id='line_1_37' title="bbox 257 2764 1715 2816; baseline 0.002 -17"><span class='ocrx_word' id='word_1_242' title='bbox 257 2764 330 2799; x_wconf 90' lang='grc'>283</span> <span class='ocrx_word' id='word_1_243' title='bbox 350 2764 542 2813; x_wconf 86' lang='lat' dir='ltr'>quiddam</span> <span class='ocrx_word' id='word_1_244' title='bbox 620 2765 692 2800; x_wconf 87' lang='grc'>292</span> <span class='ocrx_word' id='word_1_245' title='bbox 712 2764 967 2813; x_wconf 85' lang='lat' dir='ltr'>medicusque</span> <span class='ocrx_word' id='word_1_246' title='bbox 1045 2766 1116 2801; x_wconf 88' lang='lat'>295</span> <span class='ocrx_word' id='word_1_247' title='bbox 1136 2777 1326 2815; x_wconf 86' lang='lat' dir='ltr'>percussa</span> <span class='ocrx_word' id='word_1_248' title='bbox 1403 2766 1475 2801; x_wconf 88' lang='lat'>300</span> <span class='ocrx_word' id='word_1_249' title='bbox 1495 2766 1715 2816; x_wconf 87' lang='lat' dir='ltr'>dampnum</span> 
     </span>
     <span class='ocr_line' id='line_1_38' title="bbox 445 2815 1531 2863; baseline 0.003 -14"><span class='ocrx_word' id='word_1_250' title='bbox 445 2815 516 2850; x_wconf 88' lang='lat'>301</span> <span class='ocrx_word' id='word_1_251' title='bbox 537 2826 658 2863; x_wconf 85' lang='lat' dir='ltr'>quam</span> <span class='ocrx_word' id='word_1_252' title='bbox 678 2826 739 2850; x_wconf 89' lang='lat' dir='ltr'>me</span> <span class='ocrx_word' id='word_1_253' title='bbox 760 2816 975 2850; x_wconf 86' lang='lat' dir='ltr'>stultitiam</span> <span class='ocrx_word' id='word_1_254' title='bbox 996 2829 1014 2850; x_wconf 85' lang='lat' dir='ltr'>e</span> <span class='ocrx_word' id='word_1_255' title='bbox 1034 2817 1133 2851; x_wconf 77' lang='lat' dir='ltr'>coni.</span> <span class='ocrx_word' id='word_1_256' title='bbox 1238 2817 1311 2852; x_wconf 89' lang='grc'>303</span> <span class='ocrx_word' id='word_1_257' title='bbox 1331 2816 1531 2852; x_wconf 84' lang='lat' dir='ltr'>abscisum</span> 
     </span>
     <span class='ocr_line' id='line_1_39' title="bbox 525 2866 1456 2902; baseline 0.002 -2"><span class='ocrx_word' id='word_1_258' title='bbox 525 2866 596 2900; x_wconf 88' lang='grc'>303</span> <span class='ocrx_word' id='word_1_259' title='bbox 619 2866 780 2901; x_wconf 84' lang='lat' dir='ltr'>demens</span> <span class='ocrx_word' id='word_1_260' title='bbox 800 2867 890 2901; x_wconf 83' lang='lat' dir='ltr'>cum·</span> <span class='ocrx_word' id='word_1_261' title='bbox 993 2866 1065 2901; x_wconf 83' lang='lat'>313</span> <span class='ocrx_word' id='word_1_262' title='bbox 1085 2869 1199 2901; x_wconf 87' lang='lat' dir='ltr'>tanto</span> <span class='ocrx_word' id='word_1_263' title='bbox 1219 2866 1456 2902; x_wconf 85' lang='lat' dir='ltr'>dissimilem</span> 
     </span>
    </p>
   </div>
  </div>
 </body>
</html>
