1878 3054
207 145 279 198 48

669 157 911 196 HORA‘H
955 156 1301 198 CARMINVM

542 288 665 338 Sors
688 289 887 336 exitura
909 294 962 337 et
986 304 1079 337 nos
1104 289 1154 336 in
1180 293 1443 338 aeternum

607 355 830 404 Exilium
865 356 1165 419 impositura
1199 356 1429 417 cumbae*

935 532 1031 581 IV.

403 638 484 689 Ne
510 639 578 687 sit
602 638 814 687 ancillae
839 638 932 686 tibi
960 654 1102 687 amor
1127 639 1326 702 pudori,

403 706 640 755 Xanthia
665 705 898 754 Phoceu!
974 707 1126 754 Prius
1151 707 1453 757 insolentem

406 773 568 823 Serva
604 773 796 820 Briseis
833 773 982 821 niveo
1019 774 1182 822 colore

670 840 842 887 Movit
879 840 1166 903 Achillem;

404 907 575 956 Movit
600 906 810 968 Ajacem
839 907 1113 956 Telamone
1139 913 1317 957 natum

405 974 592 1022 Forma
615 975 847 1037 captivae
876 976 1138 1024 dominum
1165 976 1500 1040 Tecmessae3

404 1041 553 1092 Arsit
578 1042 790 1090 Atrides
818 1044 986 1091 medio
1011 1044 1061 1091 in
1088 1043 1348 1107 triumpho

673 1110 887 1173 Virgine
923 1115 1084 1174 rapta,

404 1176 662 1225 Barbarae
689 1185 960 1241 postquam
989 1177 1210 1226 cecidere
1235 1181 1433 1225 turmae

407 1244 653 1292 Thessalo
681 1245 886 1303 victore,
913 1250 965 1293 et
990 1245 1260 1307 ademptus
1285 1243 1495 1292 Hector·

404 1311 639 1361 Tradidit
674 1312 823 1360 fessis
858 1312 1052 1360 leviora
1085 1311 1197 1359 tolli

673 1379 928 1442 Pergama
966 1379 1127 1428 Grais.

405 1447 457 1496 N
460 1447 623 1495 escias
652 1463 717 1495 an
743 1453 793 1495 te
820 1461 1063 1509 generum
1087 1445 1224 1494 beati

405 1514 663 1578 Phyllidis
693 1515 854 1562 flavae
882 1514 1120 1561 decorent
1143 1516 1411 1575 parentes:

404 1582 629 1646 Regium
657 1589 788 1630 certe
815 1595 994 1644 genu&
1021 1585 1074 1628 et
1096 1585 1310 1644 penates

673 1649 871 1697 Maeret
907 1648 1124 1710 iniquos,

405 1716 566 1767 Crede
592 1733 694 1766 non
721 1717 859 1764 illam
887 1715 983 1763 tibi
1008 1714 1070 1762 de
1096 1713 1312 1762 scelesta

406 1785 562 1833 Plebe
590 1786 842 1842 dilectam,
871 1796 1033 1846 neque
1060 1782 1132 1829 sic
1157 1780 1370 1840 fidelem,

404 1851 488 1901 Sic
512 1853 650 1901 lucro
677 1866 905 1899 aversam
934 1849 1165 1912 potuisse
1191 1848 1332 1896 nasei

670 1919 838 1966 Matre
874 1916 1126 1980 pudenda.

403 1985 655 2034 Bracchia
679 1991 731 2034 et
757 1986 950 2033 voltum
974 1988 1261 2045 teretesque
1286 1995 1432 2030 suras

403 2053 613 2116 Integer
637 2053 788 2101 laudo
808 2070 820 2114 ;
858 2052 978 2113 fuge
1003 2049 1252 2112 suspicari

405 2119 564 2182 Cujus
589 2125 824 2169 octavum
850 2117 1128 2181 trepidavit
1153 2120 1298 2164 aetas

672 2186 921 2236 Claudere
957 2184 1189 2232 lustrum.

949 2360 1016 2408 V.

404 2465 648 2515 Nondum
676 2464 889 2513 subacta
913 2463 1040 2510 ferre
1069 2463 1252 2524 jugum
1277 2461 1417 2509 valet

403 2533 630 2593 cervice,
660 2531 885 2579 nondum
910 2529 1085 2577 munia
1109 2528 1361 2591 comparis

471 2601 727 2662 Aequare,
767 2613 859 2645 nec
895 2597 1028 2644 tauri
1064 2596 1260 2644 ruentis

537 2667 602 2714 In
639 2679 873 2713 venerem
909 2664 1125 2711 tolerare
1159 2661 1388 2725 pondus:

407 2732 556 2782 Circa
580 2733 801 2780 virentes
827 2735 907 2779 est
932 2731 1133 2778 animus
1156 2734 1275 2777 tuae

307 2850 355 2887 28
374 2850 556 2896 exitium,
733 2848 920 2885 exsilium
1046 2847 1095 2883 28
1114 2845 1280 2892 cymbae
1408 2843 1455 2879 12
1475 2841 1610 2880 Graiis

548 2901 595 2936 18
614 2899 807 2936 delectam
1161 2897 1207 2933 19
1227 2895 1437 2932 adversam

1699 1241 1756 1288 10

1697 1575 1757 1623 15

1696 1910 1758 1958 20
