1878 3054
142 129 208 181 18

600 143 840 182 HORATI
883 145 1229 186 CARMINVM

339 273 535 321 Multos
561 279 728 321 castra
745 276 932 336 juvant
957 280 1008 323 et
1033 276 1158 323 lituo
1185 276 1337 324 tubae

341 340 630 388 Permixtus
658 342 871 399 sonitus,
900 342 1130 404 bellaque
1158 343 1414 391 matribus·

341 407 625 454 Detestata.
699 408 878 455 Manet
906 409 1000 455 sub
1025 409 1054 456 J
1065 424 1158 456 ove
1187 410 1372 472 frigido

340 474 582 532 Venator,
610 479 813 522 tenerae
843 476 1076 537 conjugis
1105 476 1384 536 immemor,

343 540 444 588 Seu
469 541 581 588 visa
605 548 684 589 est
710 543 893 589 catulis
925 557 1075 589 cerva
1102 543 1347 603 fidelibus,

346 606 447 654 Seu
471 608 607 669 rupit
631 614 817 656 teretes
846 608 1055 665 Marsus
1084 625 1201 672 aper
1226 612 1422 673 plagas.

343 674 430 722 Me
456 675 718 722 doctarum
746 676 962 722 hederae
991 678 1222 738 praemia
1246 679 1488 726 frontium

347 741 446 789 Dis
471 742 685 788 miscent
711 743 923 805 superis,
954 757 1034 789 me
1065 744 1289 805 gelidum
1316 761 1496 792 nemus

344 808 802 871 Nympharumque
831 810 972 856 leves
1003 825 1115 857 cum
1147 810 1347 874 Satyris
1373 813 1514 860 chori

276 874 291 914 ἕῒ
346 874 624 922 Secernunt
649 876 851 938 populo,
885 877 928 923 si
951 892 1114 939 neque
1141 878 1296 926 tibias

216 949 248 960 ‘¹‘
282 942 566 1008 *Euterpe
593 942 808 1000 cohibet,
840 958 931 990 nec
962 943 1312 1008 Polyhymnia

345 1006 601 1055 Lesboum
627 1010 814 1070 refugit
842 1011 1049 1057 tendere
1077 1011 1323 1060 barbiton.

347 1075 495 1135 Quod
522 1075 565 1122 si
591 1091 670 1122 me
696 1076 873 1138 lyricis
902 1078 1109 1125 vatibus
1135 1079 1342 1138 inseres,

348 1140 564 1189 Sublimi
591 1142 768 1189 feriam
798 1144 965 1191 sidera
995 1146 1192 1193 vertice.

900 1253 969 1300 II.

345 1361 468 1408 Jam
494 1361 619 1408 satis
645 1363 792 1408 terris
822 1362 957 1408 nivis
986 1358 1137 1425 atque
1163 1364 1306 1411 dirae

348 1428 620 1476 Grandinis
646 1429 789 1474 misit
815 1435 976 1490 pater,
1007 1436 1073 1488 et,
1102 1431 1313 1481 rubente

347 1494 572 1542 Dextera
599 1509 768 1541 sacras
789 1496 1050 1555 jaculatus
1078 1512 1231 1554 arces,

547 1561 756 1608 Terruit>
778 1563 966 1619 urbem,

267 1640 270 1643 ’
347 1627 550 1675 Terruit
575 1633 766 1690 genteS,
799 1644 956 1690 grave
985 1645 1047 1676 ne
1074 1631 1263 1678 rediret

351 1693 618 1742 Saeculum
647 1695 878 1756 Pyrrhae
906 1711 1044 1743 nova
1067 1702 1298 1745 monstra
1322 1704 1545 1760 questae,

349 1760 511 1809 Omne
538 1777 649 1808 cum
679 1762 899 1809 Proteus
924 1778 1081 1825 pecus
1106 1765 1212 1826 egit
1245 1765 1379 1812 altos

548 1829 730 1875 Visere
758 1836 976 1888 montes,

349 1894 577 1942 Piscium
602 1903 654 1942 et
681 1910 885 1943 summa
910 1911 1072 1958 genus
1099 1896 1265 1945 haesit
1290 1898 1445 1959 ulmo,

347 1960 488 2008 Nota
511 1977 639 2024 quae
667 1963 812 2009 sedes
845 1963 1009 2010 fuerat
1032 1964 1296 2024 columbiS,

349 2027 420 2075 Et
445 2030 728 2090 superJecto
754 2030 979 2090 pavidae
1007 2036 1250 2078 natarunt

548 2095 788 2157 Aequore
821 2096 1068 2144 dammae.
1355 2154 1358 2157 ⁴

347 2160 587 2208 Vidimus
613 2161 799 2210 flavum
835 2162 1076 2220 Tiberim,
1104 2164 1310 2212 retortis

349 2226 524 2274 Litore
551 2228 767 2275 Etrusco
799 2229 1049 2276 violenter
1075 2229 1238 2288 undis,

348 2293 430 2341 Ire
455 2295 701 2356 deJectum
732 2302 1063 2343 monumenta
1090 2296 1226 2359 regis

551 2361 865 2424 Templaque
886 2361 1093 2421 Vestae,

351 2427 475 2474 Iliae
501 2428 618 2475 dum
649 2443 701 2475 se
729 2429 1202 2491 nimiumquerenti

348 2494 384 2541 J
389 2499 526 2542 actat
551 2495 784 2551 ultorem,
814 2510 979 2556 vagus
1006 2501 1058 2543 et
1084 2497 1293 2549 sinistra

350 2560 564 2609 Labitur
588 2562 710 2623 ripa,
739 2562 872 2608 Jove
901 2577 1001 2609 non
1028 2564 1290 2625 probante,
1318 2578 1371 2611 u-

579 2629 751 2675 xorius
779 2629 956 2676 amnis.

352 2693 547 2741 Audiet
572 2695 710 2741 cives
738 2695 934 2742 acuisse
961 2695 1163 2755 ferrum,

300 2811 362 2853 29,
382 2811 428 2845 30
449 2813 488 2846 te
507 2823 526 2845 e
545 2811 764 2847 coniectura
932 2812 979 2847 35
1001 2812 1144 2848 inseris
1342 2813 1390 2848 36
1411 2812 1594 2849 sublimis

303 2861 349 2896 10
378 2860 578 2909 palumbis
933 2862 979 2897 12
1001 2863 1142 2898 damae

1646 414 1706 459 25

1651 749 1712 794 30

1649 1082 1714 1128 35

1655 1968 1716 2016 10

1653 2301 1785 2354 15,

1648 2633 1710 2680 20
