1846 3034
171 128 297 210 '220
404 164 646 203 HORATI
689 165 1140 207 EPISTVLARVM
1219 167 1340 207 ΜΒ.
1380 167 1420 207 1.
1459 155 1530 207 20

905 322 1031 371 XX.

187 423 523 471 Vertumnum
551 423 587 471 J
592 440 858 487 anumque,
887 425 1026 484 liber,
1055 430 1282 488 spectare
1311 426 1514 486 videris,

187 491 390 539 Scilicet
416 498 471 538 ut
496 500 694 553 prostes
722 492 980 539 Sosiorum
1008 494 1204 555 pumice
1230 494 1467 550 mundus,

186 558 358 605 Odisti
383 559 554 605 claves
580 564 631 605 et
656 564 805 620 grata
832 559 1001 621 sigilla
1027 559 1242 622 pudico;

186 625 369 673 Paucis
395 626 593 672 ostendi
621 626 786 687 gemis
811 632 862 673 et
889 628 1176 674 communia
1201 626 1394 686 laudas,

183 691 229 739 N
238 708 302 739 on
329 693 401 739 ita
428 693 661 740 nutritus.
739 693 896 755 Fuge,
925 709 1025 756 quo
1053 694 1354 742 descendere
1381 692 1554 757 gestis.
1712 698 1741 745 5

183 759 301 806 Non
325 759 421 806 erit
445 759 632 807 emisso
658 760 854 818 reditus
882 761 989 808 tibi.
1066 766 1094 785 ‘⁴
1116 762 1248 822 Quid
1274 763 1424 809 miser
1448 761 1567 825 egi?

184 826 317 886 Quid
346 825 561 873 volui?''
597 827 747 885 dices,
778 827 862 874 ubi
891 828 1004 889 quis
1031 833 1081 875 te
1108 828 1345 891 laeserit;
1382 836 1434 878 et
1460 830 1560 878 scis

180 893 243 940 In
270 893 418 939 breve
444 899 493 940 te
520 894 648 955 cogi,
677 909 791 941 cum
820 895 999 957 plenus
1026 895 1237 958 languet
1262 903 1470 945 amator.

182 960 331 1021 Quod
357 960 400 1007 si
428 975 527 1007 non
554 961 666 1007 odio
694 963 952 1023 peccantis
979 962 1167 1025 desipit
1193 979 1372 1026 augur,

182 1027 344 1075 Carus
369 1027 470 1074 eris
498 1028 707 1086 Romae,
735 1029 895 1077 donec
921 1036 971 1076 te
998 1030 1198 1078 deserat
1222 1039 1393 1092 aetas;
1677 1033 1739 1082 10

182 1094 540 1141 Contrectatus
566 1095 653 1141 ubi
681 1097 918 1143 manibus
950 1097 1237 1146 sordescere
1266 1098 1404 1161 volgi

181 1161 434 1224 Coeperis,
463 1166 551 1208 aut
576 1162 739 1210 tineas
767 1178 945 1226 pasces
976 1165 1262 1212 taciturnus
1288 1165 1490 1224 inertes,

178 1227 286 1274 Aut
311 1228 475 1289 fugies
503 1228 721 1287 Uticam,
753 1237 842 1277 aut
872 1232 1074 1279 viuctus
1101 1233 1320 1279 mitteris
1345 1232 1579 1282 Ilerdam.

179 1295 391 1342 Ridebit
417 1296 635 1343 monitor
659 1312 760 1343 non
787 1298 1075 1358 exauditus,
1105 1305 1163 1347 ut
1187 1299 1286 1358 ille,

178 1363 278 1422 Qui
305 1362 434 1410 male
461 1369 719 1424 parentem
748 1364 798 1411 in
827 1380 980 1427 rupes
1006 1367 1252 1428 protrusit
1275 1367 1489 1415 asellum
1677 1369 1735 1416 15

176 1428 376 1476 Iratus:
415 1429 528 1492 quis
554 1430 689 1476 enim
716 1431 938 1478 invitum
968 1447 1172 1480 servare
1196 1432 1428 1482 laboret?

178 1496 290 1544 Hoc
315 1511 514 1559 quoque
539 1501 589 1544 te
618 1503 802 1555 manet,
834 1504 890 1545 ut
917 1514 1100 1561 pueros
1126 1500 1374 1548 elementa
1399 1501 1665 1549 docentem

175 1562 402 1626 Occupet
425 1565 666 1612 extremis
691 1565 743 1612 in
771 1565 896 1613 vicis
924 1566 1074 1614 balba
1099 1573 1344 1617 senectus.
1413 1632 1416 1634 -

243 1697 373 1746 Cum
397 1698 491 1745 tibi
517 1698 593 1746 sol
619 1699 822 1761 tepidus
847 1700 1019 1762 plures
1047 1701 1329 1750 admoverit
1354 1716 1516 1762 aures,

175 1763 275 1822 Me,
304 1765 540 1812 libertino
566 1771 743 1813 natum
770 1773 913 1828 patre
941 1773 992 1815 et
1019 1769 1072 1815 in
1097 1769 1240 1816 tenui
1265 1784 1332 1829 re,
1672 1771 1734 1819 20

174 1831 395 1893 Maj0res
420 1847 613 1894 pennas
639 1833 757 1880 nido
784 1835 1072 1883 extendisse
1098 1835 1333 1899 loqueris,

175 1896 264 1956 Ut,
293 1905 541 1961 quantum
568 1900 741 1961 generi
775 1901 963 1960 demas,
994 1903 1267 1950 virtutibus
1292 1903 1483 1966 addas;

174 1964 260 2011 Me
286 1966 462 2027 primis
488 1968 628 2014 urbis
654 1967 771 2014 belli
801 1968 1051 2031 placuisse
1079 1970 1313 2033 domique
1335 1987 1347 2032 3

175 2031 414 2094 Corporis
439 2034 624 2095 exigui,
652 2049 973 2096 praeminum,
1004 2036 1197 2084 solibus
1224 2044 1415 2100 aptum,

173 2098 333 2146 Irasci
358 2100 582 2157 celerem,
611 2106 786 2148 tamen
812 2108 868 2149 ut
893 2103 1157 2168 placabilis
1183 2119 1359 2151 essem.
1663 2104 1728 2153 ‚25

173 2164 327 2212 Forte
353 2181 520 2213 meum
549 2167 593 2213 si
618 2168 733 2229 quis
758 2173 808 2215 te
835 2170 1218 2230 percontabitur
1243 2186 1442 2229 aevum,

172 2231 257 2278 Me
283 2238 461 2295 quater
486 2234 715 2281 undenos
741 2235 870 2283 sciat
894 2236 1183 2298 implevisse
1210 2238 1536 2298 Decembres,

173 2298 436 2361 Collegam
464 2300 717 2362 Lepidum
743 2316 843 2363 quo
869 2302 1014 2349 duxit
1041 2303 1239 2351 Lollius
1265 2319 1413 2352 anno.

235 2427 257 2465 7
276 2428 373 2478 quid
393 2434 438 2473 Ω,
458 2428 529 2478 qui
632 2429 678 2465 10
700 2429 854 2467 deseret
957 2430 1003 2467 13
1023 2434 1168 2468 unctus
1269 2433 1318 2469 26
1335 2433 1664 2484 pet-cunctabitur

683 2673 1199 2835 'W
