1878 3054
212 154 313 206 192
631 164 871 204 Horum
914 163 1364 205 nmsrvnnzvu

213 299 297 347 Sic
322 298 445 345 mihi
472 298 619 344 tarda
644 296 807 343 fluunt
830 297 1132 358 ingrataque
1157 301 1400 358 tempora,
1428 311 1556 358 quae
1583 310 1724 359 spem

213 366 593 426 Consiliumque
620 369 882 411 morantur
909 364 1095 425 agendi
1122 363 1360 425 gnaviter
1383 363 1436 409 id
1462 363 1599 424 quod

211 433 389 494 Aeque
415 431 724 493 pauperibus
748 430 971 492 prodest,
999 429 1336 491 locupletibus
1362 444 1535 491 aeque,

211 499 389 561 Aeque
416 499 703 559 neglectum
727 497 898 559 pueris
924 497 1228 558 senibusque
1255 496 1466 543 nocebit.
1708 491 1769 537 25

282 633 469 680 Restat
493 635 551 678 ut
577 630 657 677 his
681 646 777 692 ego
802 645 881 677 me
906 630 1012 692 ipse
1036 645 1213 692 regam
1239 628 1468 691 solerque
1488 629 1767 677 elementis.

212 699 332 746 Non
356 698 523 760 possis
549 698 693 745 oculo
719 702 969 759 quantum
994 697 1296 744 contendere
1324 695 1577 758 Lynceus,

212 765 332 813 Non
355 771 529 812 tamen
551 765 737 811 idcirco
763 768 1060 811 contemnas
1085 763 1255 826 lippus
1279 762 1491 825 inungi;

213 832 336 889 Nec,
363 832 483 894 quia
507 830 742 894 desperes
768 830 947 877 invicti
972 830 1199 877 membra
1228 829 1488 891 Glyconis,

211 898 423 946 Nodosa
447 913 630 959 corpus
656 897 786 944 nolis
811 897 1079 958 prohibere
1107 896 1365 957 cheragra.
1705 895 1768 940 30

213 965 310 1012 Est
335 966 555 1027 quadam
580 964 782 1026 prodire
807 969 972 1021 tenus,
1001 963 1044 1010 si
1070 978 1171 1011 non
1197 963 1348 1010 datur
1371 963 1518 1011 ultra.

213 1032 400 1079 Fervet
426 1032 646 1079 avaritia
670 1031 952 1092 miseroque
979 1029 1212 1092 cupidine
1237 1034 1442 1092 pectus:

214 1098 345 1147 Sunt
369 1100 521 1145 verba
545 1103 597 1145 et
624 1112 786 1155 voceS,
814 1097 995 1159 quibus
1022 1096 1154 1143 hunc
1178 1095 1333 1143 lenire
1360 1096 1585 1143 dolorem

214 1165 391 1213 Possis
415 1171 467 1212 et
492 1180 730 1226 magnam
755 1164 915 1211 morbi
941 1164 1192 1225 deponere
1217 1168 1428 1225 partem.

211 1230 410 1279 Laudis
436 1247 603 1279 amore
630 1236 823 1278 tumes:
862 1235 982 1277 sunt
1008 1235 1145 1277 certa
1167 1229 1380 1292 piacula,
1408 1243 1536 1292 quae
1560 1232 1613 1275 te
1705 1227 1768 1274 35

214 1299 313 1347 Ter
336 1314 456 1362 pure
483 1299 612 1346 lecto
636 1302 875 1360 poterunt
898 1312 1121 1344 recreare
1147 1296 1329 1344 libello.

212 1365 443 1423 Invidus,
469 1365 752 1421 iracundus,
779 1364 927 1421 iners,
957 1364 1183 1421 vinosus,
1211 1367 1424 1420 amator,

215 1432 381 1480 Nemo
407 1433 532 1479 adeo
558 1432 694 1478 ferus
719 1435 799 1478 est
824 1434 881 1477 ut
906 1445 1007 1477 non
1034 1430 1298 1477 mitescere
1323 1429 1504 1491 possit,

214 1499 269 1547 Si
297 1499 445 1546 modo
471 1499 698 1546 culturae
725 1497 1010 1559 patientem
1036 1497 1325 1544 commodet
1351 1511 1539 1544 aurem.

215 1563 394 1613 Virtus
418 1570 498 1613 est
524 1565 706 1611 vitium
731 1564 920 1622 fugere,
948 1568 1000 1610 et
1029 1563 1284 1626 sapientia
1307 1563 1473 1624 prima
1709 1560 1771 1606 40

216 1631 449 1680 Stultitia
474 1632 708 1679 caruisse.
784 1631 947 1678 Vides
973 1646 1105 1693 quae
1131 1629 1356 1677 maxima
1379 1629 1541 1677 credis

214 1699 343 1746 Esse
371 1699 517 1756 mala,
544 1698 786 1759 exiguum
811 1712 1020 1744 censum
1044 1702 1343 1759 turpemque
1367 1696 1638 1758 repulsam,

215 1766 418 1826 Quanto
445 1766 642 1813 devites
669 1764 823 1811 animi
850 1764 1135 1826 capitisque
1161 1763 1362 1823 labore;

213 1832 439 1895 Impiger
462 1838 714 1879 extremos
739 1831 900 1878 curris
927 1835 1179 1878 mercator
1203 1830 1267 1877 ad
1294 1829 1468 1883 Indos,

215 1899 316 1946 Per
340 1913 476 1946 mare
500 1899 791 1961 pauperiem
817 1897 1036 1959 fugiens,
1063 1912 1152 1960 per
1177 1911 1316 1954 saxa,
1342 1911 1433 1959 per
1455 1896 1628 1958 ignes:
1711 1892 1793 1947 45,

215 1965 295 2013 Ne
320 1980 463 2013 cures
487 1981 560 2023 ea,
587 1980 715 2027 quae
743 1964 898 2011 stulte
925 1964 1126 2011 miraris
1150 1967 1203 2011 et
1228 1967 1391 2026 optas,

215 2032 435 2090 Discere,
462 2037 514 2079 et
539 2032 726 2090 audire,
753 2038 805 2078 et
830 2031 1023 2078 meliori
1050 2030 1250 2078 credere
1276 2045 1377 2076 non
1402 2027 1523 2076 vis?

216 2099 344 2159 Quis
370 2100 557 2146 circum
581 2113 740 2161 pagos
766 2102 818 2145 et
842 2098 1029 2145 circum
1057 2097 1278 2159 compita
1300 2110 1511 2158 pugnax

215 2165 410 2227 Magna
435 2166 661 2212 coronari
686 2169 978 2223 contemnat
1007 2163 1260 2226 Olympia,
1288 2163 1368 2210 cui
1394 2177 1526 2225 spes,

219 2232 314 2280 Cui
342 2233 410 2279 sit
434 2232 663 2279 condicio
689 2231 852 2278 dulcis
879 2231 987 2277 sine
1014 2230 1221 2291 pulvere
1245 2228 1482 2292 palmae?
1711 2225 1774 2271 50

216 2299 385 2347 Vilius
416 2303 683 2361 argentum
707 2303 787 2346 est
815 2313 952 2357 auro,
981 2296 1262 2344 virtutibus
1288 2310 1482 2345 aurum.

286 2436 314 2457 “
335 2431 377 2480 O
405 2433 554 2489 cives,
583 2432 736 2487 cives,
765 2431 1055 2494 quaerenda
1078 2429 1293 2493 pecunia
1317 2429 1539 2492 primum
1564 2431 1672 2487 est3

218 2499 403 2546 Virtus
426 2504 542 2562 post
567 2501 852 2545 nummos.’'
923 2498 1068 2545 Haec
1094 2498 1129 2545 J
1135 2512 1262 2544 anus
1288 2510 1516 2543 summus
1541 2494 1603 2541 ab
1626 2494 1728 2540 imo

220 2566 482 2622 Prodocet,
510 2566 634 2612 haec
661 2566 892 2613 recinunt
920 2566 1135 2626 juvenes
1161 2564 1354 2610 dictata
1378 2576 1636 2624 senesque,

221 2632 395 2679 Laevo
422 2632 655 2694 suspensi
682 2632 874 2678 loculos
899 2631 1226 2692 tabulamque
1251 2629 1453 2677 lacerto.
1715 2630 1776 2677 55

222 2698 318 2746 Est
344 2700 543 2746 animus
567 2699 678 2757 tibi,
705 2703 824 2745 sunt
848 2713 1012 2745 mores
1036 2701 1089 2744 et
1111 2697 1287 2758 lingua
1311 2695 1544 2758 fidesque,

270 2840 319 2877 23
338 2841 497 2876 naviter
599 2840 645 2876 31
666 2840 838 2889 quodam
940 2839 987 2875 50
1006 2837 1182 2875 conditio
1286 2838 1346 2883 56,
1362 2837 1409 2875 57
1423 2839 1572 2873 inverso
1586 2836 1724 2872 ordine
