1878 3054
195 134 262 187 72

655 147 900 187 HORA'I’I
942 145 1289 189 CARMINVM

460 279 630 327 Paene
658 284 957 340 occupatam
983 279 1322 328 seditionibus

459 347 665 394 Delevit
690 346 867 393 urbem
895 346 1068 394 Dacus
1092 351 1145 394 et
1170 347 1441 411 Aethiops,

529 413 631 461 Hic
657 414 818 461 classe
846 413 1164 471 formidatus,
1191 413 1276 461 ille
1679 418 1736 467 15

593 480 881 528 Missilibus
908 480 1085 527 melior
1111 481 1329 542 sagittis.

461 549 702 596 Fecunda
726 548 902 610 culpae
930 547 1134 595 saecula
1157 549 1363 611 nuptias

461 616 689 663 Primum
715 615 1045 678 inquinavere
1073 619 1123 663 et
1148 631 1311 678 genus
1335 621 1387 664 et
1412 617 1620 679 domos3

527 683 643 730 Hoc
666 683 805 730 fonte
830 683 1064 730 derivata
1089 683 1258 732 clades

595 751 657 797 In
680 751 898 813 patriam
927 750 1281 814 populumque
1301 750 1459 800 fluxit.
1678 753 1739 798 20

460 816 635 865 Motus
660 817 827 865 doceri
853 818 1048 879 gaudet
1073 817 1275 867 Ionicos

459 883 669 932 Matura
695 885 852 947 virg0‚
881 892 933 932 et
960 885 1172 947 fingitur
1198 886 1425 949 artibus;

525 949 560 999 J
566 967 646 998 am
671 967 803 1000 nunc
828 957 880 999 et
906 953 1129 1000 incestos
1155 967 1352 1000 amores

592 1019 669 1066 De
694 1025 867 1067 tenero
894 1019 1176 1067 meditatur
1199 1020 1384 1082 ungui:

459 1084 586 1132 Mox
613 1087 842 1147 juniores
867 1087 1069 1149 quaerit
1094 1086 1352 1135 adulteros
1681 1084 1744 1132 25

458 1151 603 1199 Inter
627 1154 797 1201 mariti
824 1155 958 1211 vina,
988 1169 1152 1216 neque
1177 1154 1320 1216 eligit

528 1219 625 1268 Cui
651 1221 804 1268 donet
827 1221 1147 1284 impermissa
1169 1222 1352 1284 raptim

593 1287 809 1346 Gaudia,
836 1288 1116 1335 luminibus
1141 1288 1368 1347 remotis,

463 1351 565 1401 Sed
592 1356 738 1416 jussa
761 1371 930 1403 coram
956 1370 1058 1402 non
1084 1355 1192 1402 sine
1217 1355 1420 1405 conscio

462 1419 637 1483 Surgit
664 1422 860 1480 marito,
889 1437 979 1470 seu
1007 1427 1158 1470 vocat
1182 1422 1400 1483 institor,
1681 1419 1746 1464 30

530 1487 631 1536 Seu
656 1490 805 1537 navis
833 1490 1099 1552 Hispanae
1124 1489 1385 1551 magister,

599 1555 915 1603 Dedecorum
941 1556 1198 1618 pretiosus
1222 1561 1432 1618 emptor.

462 1621 582 1670 Non
608 1622 687 1670 his
714 1625 959 1685 Juventus
987 1629 1099 1671 orta
1123 1623 1419 1686 parentibus

461 1689 646 1737 Infecit
670 1705 857 1753 aequor
882 1690 1131 1752 sauguine
1157 1691 1368 1749 Punico,

529 1757 885 1820 Pyrrhumque
910 1762 962 1804 et
988 1757 1245 1819 ingentem
1270 1757 1449 1805 cecidit
1678 1754 1741 1800 35

598 1823 908 1871 Antiochum
938 1824 1382 1888 Hannibalemque
1407 1824 1604 1885 dirum;

465 1888 565 1937 Sed
590 1891 893 1939 rusticorum
919 1892 1148 1939 mascula
1171 1891 1393 1940 militum

463 1956 655 2015 Proles,
685 1958 902 2006 Sabellis
926 1958 1076 2006 docta
1099 1958 1360 2020 ligonibus

528 2023 747 2072 Versare
773 2026 951 2086 glebas
976 2030 1027 2072 et
1053 2039 1258 2073 severae
1612 2060 1617 2064 -

595 2090 781 2138 Matris
807 2092 871 2139 ad
898 2092 1163 2139 arbitrium
1186 2092 1377 2140 recisos
1679 2098 1741 2147 40

463 2156 675 2205 Portare
700 2158 874 2216 fusteS‚
903 2158 977 2206 sol
1004 2159 1090 2205 ubi
1114 2159 1364 2206 montium

461 2222 689 2272 Mutaret
714 2226 921 2272 umbras
946 2229 998 2272 et
1025 2226 1151 2286 juga
1176 2225 1399 2273 demeret

529 2291 706 2339 Bobus
730 2292 974 2354 fatigatis,
1005 2292 1224 2340 amicum

597 2358 822 2421 Tempus
847 2373 1005 2422 agens
1036 2359 1251 2407 abeunte
1276 2373 1439 2407 curru.

461 2424 726 2473 Damnosa
749 2427 872 2488 quid
900 2441 1000 2474 non
1026 2426 1282 2473 imminuit
1307 2423 1457 2474 dies?
1683 2434 1744 2481 45

463 2493 628 2543 Aetas
652 2498 934 2555 parentum,
962 2495 1101 2556 pejor
1127 2493 1251 2551 avis,
1278 2492 1400 2540 tulit

529 2560 640 2608 Nos
666 2561 949 2622 nequiores,
978 2575 1097 2607 mox
1121 2560 1330 2607 daturos

596 2627 903 2690 Progeniem
940 2627 1268 2675 vitiosiorem.

246 2784 295 2821 22
315 2783 528 2830 frangitur,
547 2782 732 2830 fungitur
835 2781 883 2817 22
903 2780 1070 2817 artubus
1147 2780 1196 2816 26
1216 2780 1337 2827 elegit
1388 2779 1437 2818 27
1457 2779 1686 2816 intermissa

270 2834 319 2870 28
339 2835 474 2871 oscula
526 2834 572 2870 30
592 2844 681 2869 cum
700 2834 817 2869 vocat
870 2832 918 2868 36
938 2830 1080 2867 durum
1151 2831 1198 2868 39
1219 2830 1382 2878 glaebae
1452 2831 1501 2868 43
1519 2829 1650 2867 bubus
