1878 3054
150 156 218 207 34

609 167 851 206 HORA'I'I
894 168 1242 210 CARMINVM

349 299 509 359 Quale
534 303 825 360 portentum
851 315 1013 363 neque
1038 303 1275 350 militaris

350 365 579 412 Daunias
604 366 721 413 latis
748 368 839 414 alit
865 369 1144 427 aesculetis,

346 432 396 479 N
400 448 456 480 ec
481 434 515 480 J
521 433 648 480 ubae
678 434 829 480 tellus
855 441 1080 497 generat,
1107 437 1310 484 leonum
1366 483 1368 487 ,
1476 465 1477 468 =
1607 440 1666 487 15

548 501 711 548 Arida
747 503 930 550 nutrix.

347 567 488 616 Pone
513 583 593 615 me
620 569 781 630 pigris
809 570 894 616 ubi
919 570 1059 617 nulla
1083 571 1278 634 campis

345 636 515 682 Arbor
539 637 737 683 aestiva
763 642 1020 684 recreatur
1045 652 1181 696 aura,

349 703 496 763 Quod
522 703 656 750 latus
683 704 861 750 mundi
887 704 1098 751 nebulae
1123 705 1388 767 malusque

544 771 579 818 J
584 771 783 833 uppiter
819 776 982 833 urget,
1607 767 1668 818 20

347 835 487 884 Pone
515 838 607 884 sub
634 852 778 884 curru
805 838 1018 885 nimium
1041 837 1311 902 propinqui

348 902 494 961 Solis,
522 904 571 950 in
599 909 733 951 terra
756 905 989 951 domibus
1015 911 1230 967 negata:

343 969 502 1018 Dulce
527 971 775 1018 ridentem
803 971 1031 1034 Lalagen
1058 972 1255 1031 amabo,

545 1037 704 1085 Dulce
740 1038 1043 1101 loquentem.

816 1188 1032 1237 XXIII.

341 1286 498 1335 Vitas
523 1288 763 1338 hinnuleo
788 1306 868 1338 me
895 1291 1094 1349 similiS,
1124 1291 1295 1351 Chloe,

345 1355 617 1415 Quaerenti
641 1358 882 1419 pavidam
910 1359 1172 1407 montibus
1199 1360 1332 1408 aviis

473 1422 709 1482 Matrem,
738 1439 838 1471 non
866 1425 974 1472 sine
1001 1440 1134 1473 vano

541 1490 799 1537 Aurarum
824 1496 876 1539 et
901 1492 1060 1540 siliiae
1085 1497 1254 1541 metu:
1303 1525 1305 1527 -

340 1554 478 1602 Nam
504 1570 593 1603 seu
618 1558 891 1605 mobilibus
917 1559 1051 1606 veris
1075 1559 1326 1608 inhorruit
1635 1566 1667 1614 5

340 1622 614 1670 Adventus
639 1625 788 1683 foliis,
818 1640 908 1672 seu
928 1626 1122 1673 >virides
1145 1627 1330 1675 rubum

476 1689 748 1739 Dimovere
786 1692 1020 1752 lacertae,

543 1757 613 1805 Et
637 1759 785 1806 corde
810 1765 862 1806 et
886 1761 1100 1822 genibus
1124 1761 1309 1809 tremit.

342 1821 505 1885 Atqui
528 1839 629 1871 non
653 1841 748 1887 ego
774 1831 838 1883 te,
866 1828 1014 1888 tigris
1039 1833 1096 1875 ut
1121 1843 1300 1891 aspera

343 1889 653 1938 Gaetulusve
678 1893 770 1951 leo,
797 1893 1028 1956 frangere
1052 1910 1351 1958 persequor:
1603 1900 1662 1947 10

476 1956 702 2005 Tandem
739 1960 911 2007 desine
947 1966 1163 2009 matrem

544 2023 870 2088 Tempestiva
906 2028 1049 2089 sequi
1085 2029 1210 2076 viro.

813 2169 1021 2218 XXIV.

343 2269 472 2330 Quis
498 2269 749 2319 desiderio
774 2272 842 2320 sit
865 2273 1029 2335 pudor
1055 2277 1143 2321 aut
1167 2274 1350 2322 modus

341 2335 470 2382 Tam
495 2338 595 2383 cari
619 2337 837 2400 capitis?
909 2339 1153 2402 Praecipe
1178 2341 1419 2403 lugubres
1480 2379 1483 2383 .

345 2402 555 2462 Cantus,
582 2403 917 2467 Melpomene,
944 2407 1026 2453 cui
1051 2407 1297 2468 liquidam
1320 2413 1467 2471 pater

475 2470 669 2518 Vocem
694 2487 809 2519 cum
834 2472 1029 2520 cithara
1053 2474 1206 2522 dedit.
1351 2508 1354 2513 -

340 2535 479 2598 Ergo
507 2538 811 2597 Quintilium
834 2546 1107 2604 perpetuus
1133 2556 1284 2603 sopor
1631 2547 1662 2595 5

341 2602 532 2666 Urget!
572 2606 647 2652 cui
677 2608 862 2668 Pudor,
890 2615 942 2656 et
966 2610 1001 2657 J
1006 2609 1210 2656 ustitiae
1236 2624 1390 2668 soror,

340 2671 642 2734 Incorrupta
668 2675 836 2735 Fides,
865 2676 1099 2738 nudaque
1126 2676 1332 2723 Veritas

477 2740 690 2800 Quando
717 2742 876 2790 ullum
901 2743 1127 2790 inveniet
1151 2741 1362 2807 parem?

194 2867 228 2912 ὅ,
250 2867 272 2902 6
291 2869 425 2918 vepris
444 2870 647 2908 inhorruit
667 2872 718 2908 ad
737 2874 901 2908 ventum
921 2885 940 2908 e
959 2873 1180 2908 coniectura
1245 2876 1280 2920 5,
1301 2873 1348 2909 12
1370 2871 1630 2916 Quinctilium
