1878 3054
0 0 110 195 ἶ
822 160 932 212 2-4
1176 166 1179 168 ·
1563 161 1662 219 117

129 317 139 327 ·
227 305 375 355 Haec
397 304 485 353 ubi
508 303 710 354 locutus
736 305 992 354 fenerator
1016 305 1202 369 Alfius,

292 372 413 420 Jam
442 374 553 435 jam
590 373 794 420 futurus
830 374 1066 433 rusticuS,

228 438 448 488 Omnem
483 440 687 502 redegit
721 439 901 488 Idibus
938 442 1290 502 pecuniam—

295 507 506 569 Quaerit
542 506 796 555 Kalendis
831 523 1032 571 ponere.
1608 500 1668 551 70

828 687 930 737 ΙΙΙ.
1133 568 1212 739 s
1231 581 1333 733 L?
1387 592 1446 712 l

293 788 531 838 Parentis
567 790 690 838 olim
727 791 771 838 si
808 791 923 854 quis
959 792 1117 855 impia
1154 809 1312 843 manu

362 856 533 906 Senile
569 862 751 920 guttur
785 858 1008 922 fregerit,

292 923 420 972 Edit
454 925 633 973 cicutis
670 925 847 973 allium
886 927 1166 978 nocentius.

362 990 407 1040 Ο
443 991 572 1040 dura
607 1007 891 1040 messorum
930 993 1046 1043 ilia!

292 1058 430 1121 Quid
453 1059 549 1108 hoc
574 1060 756 1107 veneni
783 1061 950 1109 saevit
974 1062 1026 1109 in
1051 1061 1403 1125 praecordiis?
1626 1070 1655 1116 5

359 1125 497 1174 Num
537 1127 793 1190 viperinus
830 1128 911 1175 his
946 1145 1094 1177 cruor

293 1193 536 1242 Incoctus
562 1194 730 1242 herbis
756 1210 835 1243 me
863 1195 1084 1244 fefellit?
1123 1213 1188 1246 an
1213 1199 1378 1247 malas

361 1260 581 1310 Canidia
614 1263 860 1310 tractavit
896 1262 1093 1327 dapes?

291 1327 368 1377 Ut
391 1329 728 1391 Argonautas
752 1336 956 1392 praeter
982 1347 1159 1380 omnes
1185 1334 1459 1382 candidum

360 1395 546 1444 Medea
581 1397 767 1445 mirata
802 1403 882 1446 est
918 1399 1111 1458 ducem,
1597 1403 1656 1450 10

290 1461 482 1526 Ignota
517 1464 681 1511 tauris
717 1465 1033 1527 illigaturum
1060 1468 1191 1530 juga

361 1530 608 1579 Pei-unxit
644 1531 739 1580 hoc
783 1534 1054 1595 Iasonen13

293 1596 411 1646 Hoc
446 1597 686 1647 delibutis
723 1600 834 1647 ulta
867 1600 1016 1648 donis
1051 1601 1284 1666 pellicem

361 1664 606 1729 Serpente
644 1667 776 1729 fugit
813 1667 948 1716 alite.

292 1730 403 1781 Nec
426 1738 603 1782 tantus
628 1749 870 1797 umquam
897 1735 1122 1784 siderum
1148 1736 1339 1786 insedit
1362 1753 1526 1802 vapor
1592 1738 1652 1786 15

359 1799 663 1849 Siticulosae
703 1802 938 1865 Apuliae,

290 1866 401 1916 Nee
425 1882 611 1915 munus
638 1867 863 1917 humeris
888 1869 1103 1919 efficacis
1129 1870 1368 1920 Herculis

356 1934 549 1983 Inarsit
584 1936 888 1985 aestuosiuS.
964 1949 967 1951 ’

289 2000 367 2050 At
390 2002 434 2050 si
459 2002 582 2066 quid
609 2019 851 2066 umquam
875 2004 977 2053 tale
1003 2005 1368 2070 concupiveris,

355 2068 543 2118 Jocose
581 2069 870 2130 MaecenaS,
908 2087 1087 2135 precor
1589 2075 1651 2122 20

286 2134 499 2184 Manum
536 2137 706 2200 puella
741 2138 883 2187 savio
920 2144 1143 2203 opponat
1178 2144 1283 2201 tuo,

354 2202 602 2253 Extrema
635 2210 687 2253 et
722 2206 775 2253 in
812 2207 1010 2269 sponda
1045 2207 1208 2258 cubet.

825 2396 921 2445 IV.

287 2491 452 2558 Lupis
479 2500 532 2544 et
557 2497 707 2559 agnis
732 2502 926 2560 quanta
950 2498 1130 2547 sortito
1157 2498 1358 2561 obtigit,

355 2560 543 2611 Tecum
581 2564 703 2611 mibi
741 2565 997 2612 discordia
1032 2571 1126 2623 est,

287 2626 547 2677 Hibericis
583 2637 786 2693 peruste
824 2632 1032 2678 funibus
1070 2632 1208 2680 latus

353 2693 423 2743 Et
459 2711 606 2744 crura
642 2698 768 2745 dura
804 2699 1060 2761 compede.

161 2821 212 2863 ⁸⁷
228 2822 404 2876 Alphin·
456 2827 503 2864 69
523 2829 667 2875 relegit
718 2830 740 2864 3
760 2829 854 2866 edat
907 2830 929 2866 3
950 2830 1073 2866 alium
1129 2830 1176 2866 13
1195 2829 1388 2879 paelicem
1444 2829 1490 2866 19
1511 2831 1582 2866 sut

445 2878 494 2914 20
515 2879 648 2915 iocosa
666 2893 684 2915 e
704 2881 924 2915 coniectura
1079 2881 1124 2915 21
1147 2881 1286 2916 :navio
