1878 3054
701 176 826 214 mn.
867 175 954 215 1v.
999 162 1044 228 7,
1073 163 1107 214 8
1276 242 1279 243 V
1392 240 1398 251 ί
1581 167 1683 220 103

179 292 403 376 Infernis
429 267 752 424 neque‘elssim
777 309 1004 356 tenebris
1029 291 1199 374 Diana
1222 311 1465 373 pudicum
1621 311 1684 360 25

383 377 593 426 Liberat
689 376 864 440 ippoly
890 392 991 435 um,
1052 431 1056 443 ,
1296 384 1298 388 ’
1324 432 1325 435 ¹

178 446 289 497 Nec
313 445 542 495 Lethaea
569 442 707 513 valet
733 444 842 492 The
938 459 964 493 s
984 438 1291 508 abrumpere
1317 458 1436 496 caro
1482 464 1509 491 κ

380 512 604 562 Vincula
644 512 890 561 Pirithoo.
1043 517 1046 525 '

819 694 975 743 VIII.

244 801 500 850 Donarem
525 805 729 864 pateras
757 803 1005 862 grataque
1031 797 1343 857 commodus,

247 869 541 928 Censoriae,
570 869 700 916 meis
729 883 847 915 aera
873 866 1152 925 sodalibus,

245 936 502 985 Donarem
527 936 774 1000 tripodas,
804 935 1034 998 praemia
1059 934 1268 981 fortium

247 1004 529 1063 Graiorum,
558 1019 720 1067 neque
749 1008 807 1051 tu
835 1002 1060 1065 pessima
1085 1015 1354 1049 munerum
1498 1055 1501 1058 ,

244 1071 441 1129 Ferres,
469 1073 629 1120 divite
658 1087 738 1119 me
771 1071 966 1118 scilicet
991 1070 1195 1128 artium,
1574 1095 1576 1098 ⁴
1654 1071 1683 1117 5

246 1140 388 1202 Quas
413 1146 504 1188 aut
529 1139 839 1188 Parrhasius
867 1137 1083 1202 protulit
1108 1143 1198 1184 aut
1224 1135 1431 1199 ScopaS,
1468 1191 1472 1195 ,

245 1207 348 1256 Hic
385 1224 524 1268 saxo,
563 1208 774 1271 liquidis
813 1207 895 1254 ille
934 1205 1188 1253 coloribus

245 1274 434 1324 Sollers
459 1291 593 1325 nunc
619 1276 877 1324 hominem
903 1289 1105 1338 ponere,
1133 1289 1266 1321 nunc
1292 1274 1473 1323 deum:

247 1342 350 1392 Sed
374 1359 475 1392 non
501 1344 624 1393 haec
650 1345 775 1392 mihi
806 1344 899 1402 viS,
931 1358 1032 1392 non
1058 1342 1152 1390 tibi
1177 1342 1359 1389 talium

245 1410 354 1460 Res
376 1417 457 1460 est
481 1418 569 1460 aut
594 1413 796 1460 animus
824 1411 1121 1459 deliciarum
1147 1425 1317 1473 egens,
1467 1465 1470 1467 ,
1623 1406 1682 1455 10

244 1478 453 1528 Gaudes
478 1481 788 1529 carminibus
810 1497 822 1542 3
861 1480 1088 1528 carmina
1113 1492 1388 1542 possumus

242 1543 457 1606 Donate,
492 1554 545 1596 et
579 1549 799 1612 pretium
839 1548 1004 1596 dicere
1042 1548 1251 1596 muneri.

242 1612 362 1662 Non
397 1615 559 1664 incisa
593 1617 730 1664 notis
767 1631 1023 1664 marmora
1058 1616 1289 1679 publiciS,

243 1680 344 1730 Per
377 1698 506 1746 quae
542 1684 755 1748 spiritus
791 1689 844 1732 et
881 1685 991 1731 vita
1026 1684 1158 1732 redit
1193 1683 1341 1732 bonis

155 1797 164 1803 ,
244 1749 373 1798 Post
396 1755 610 1799 mortem
637 1752 864 1810 ducibus,
899 1767 997 1799 non
1027 1752 1214 1800 celeres
1239 1752 1394 1814 fugae
1622 1745 1680 1793 15

242 1816 583 1882 Rejectaeque
609 1826 887 1867 retrorsum
919 1819 1230 1868 Hannibalis
1255 1819 1442 1879 minae,

176 1942 186 1950 l
242 1883 362 1933 Non
398 1885 634 1934 incendia
672 1887 1008 1950 Carthaginis
1046 1888 1244 1952 impiae,

242 1951 382 2015 Ejus,
419 1954 505 2017 qui
542 1954 739 2002 domita
777 1970 962 2003 nomen
1000 1957 1064 2004 ab
1102 1957 1282 2006 Africa

243 2017 497 2069 Lucratus
533 2022 699 2080 rediit,
739 2022 925 2070 clarius
961 2025 1191 2073 indicant

242 2085 462 2148 LaudeS,
501 2105 654 2153 quam
697 2090 944 2140 Calabrae
986 2093 1249 2145 Pierides:
1287 2112 1465 2162 neque,
1616 2111 1677 2156 20

244 2153 300 2203 Si
335 2155 541 2205 chartae
578 2157 764 2206 sileant
804 2161 940 2223 quod
979 2162 1107 2211 bene
1145 2164 1336 2226 feceris,

241 2220 529 2272 Mercedem
565 2225 758 2274 tuleris
838 2229 974 2291 Quid
1011 2232 1142 2281 foret
1177 2233 1306 2282 Iliae

242 2288 594 2357 Mavortisque
631 2310 769 2357 puer,
810 2298 854 2346 si
890 2300 1217 2351 taciturnitas

243 2356 486 2409 Obstaret
521 2363 718 2412 meritis
759 2369 936 2417 invida
974 2370 1226 2419 Romuli?

243 2423 487 2503 Ereptum
530 2430 731 2497 Stygiis
771 2438 1008 2488 fluctibus
1045 2441 1275 2490 Aeacum
1617 2446 1678 2491 25

243 2491 426 2543 Virtus
459 2502 513 2546 et
549 2500 694 2550 favor
728 2510 781 2554 et
816 2507 996 2570 lingua
1029 2511 1316 2572 potentium

243 2558 437 2641 thum
475 2570 723 2623 divitibus
763 2581 1028 2626 consecrat
1064 2577 1257 2626 insulis.

243 2627 471 2694 Dignum
509 2639 660 2691 laude
702 2644 867 2691 virum
907 2645 1063 2693 Mus'a
1099 2650 1242 2693 vetat
1278 2645 1419 2693 mori.

247 2696 403 2750 Caelo
440 2707 595 2758 Musa
631 2711 761 2759 beat.
838 2711 922 2760 Sic
957 2712 1109 2760 Jovis
1147 2713 1361 2760 interest

246 2765 454 2834 optatis
489 2778 654 2841 epulis
693 2779 911 2841 impiger
948 2779 1211 2838 Hercules,
1613 2780 1675 2825 30

137 2884 187 2923 2⁸
206 2886 394 2930 Perithoo
449 2894 467 2930 1
489 2896 709 2932 commodis
763 2896 785 2931 9
807 2908 877 2932 nec
898 2896 970 2932 tibi
1028 2897 1073 2933 12
1094 2897 1270 2933 muneris
1327 2897 1372 2933 15
1392 2897 1530 2934 celcris
1552 2897 1650 2944 suga

399 2956 464 2981 uu.
485 2945 532 2982 15
551 2946 748 2983 non—19
768 2946 889 2983 rediit
907 2946 983 2983 del.
1006 2946 1140 2991 Lacte„
1163 2946 1231 2993 M„
1253 2947 1319 2992 ll„
1340 2947 1386 2984 Ρ.
