1878 3054
619 166 743 207 ms.
783 166 881 207 111.
923 154 1102 207 16-18
1579 148 1648 201 81

268 297 379 350 Nec
403 299 784 363 Laestrygonia
809 299 1047 348 Bacchus
1072 300 1126 347 in
1153 300 1403 362 amphora

270 367 586 431 Languescit
610 366 751 426 mihi,
778 382 870 415 nec
895 367 1111 430 pinguia
1137 366 1347 416 Gallicis
1589 368 1653 417 35

405 435 654 484 Crescunt
677 434 869 482 vellera
893 435 1112 499 pascuiS,

268 503 572 566 Importuna
597 507 773 550 tamen
798 502 1068 566 pauperies
1095 503 1255 562 abest,

267 570 392 630 Nec,
421 570 465 618 si
489 570 636 632 plura
665 570 834 629 velim,
864 575 922 618 tu
947 570 1069 618 dare
1095 571 1333 634 deneges

270 638 550 688 Contracto
576 637 761 685 melius
789 652 951 700 parva
978 638 1213 702 cupidine

404 705 699 768 Vectigalia
726 706 1005 768 porrigam,
1595 706 1658 753 40

269 773 438 836 Quam
463 773 508 821 si
533 773 838 836 Mygdoniis
866 788 1083 836 regnum
1111 773 1347 837 Alyattei

271 840 484 904 Campis
508 841 820 889 continuem.
896 841 1067 889 Multa
1089 842 1385 905 petentibus

267 907 472 958 Desunt
494 909 685 957 multa:
725 909 853 957 bene
882 914 975 968 est,
1003 908 1084 956 cui
1110 909 1237 957 deus
1262 908 1450 958 obtulit

403 975 570 1025 Parca
593 977 730 1042 quod
758 977 887 1025 satis
916 980 996 1025 est
1021 991 1193 1026 manu,

767 1116 951 1188 ‘xm

266 1242 403 1302 Aeli,
428 1247 634 1292 vetusto
663 1242 852 1291 nobilis
879 1243 942 1291 ab
968 1243 1147 1302 Lamo,

267 1311 513 1376 (Quando
538 1315 591 1359 et
614 1311 814 1374 priores
841 1310 959 1359 hinc
986 1311 1199 1359 Lamias
1223 1312 1396 1360 ferunt

336 1378 711 1427 Denominatos
741 1383 794 1427 et
819 1384 1063 1441 nepotum

403 1445 504 1493 Per
527 1461 782 1495 memores
809 1461 972 1509 genus
998 1461 1148 1494 omne
1175 1447 1370 1509 fastos;

269 1512 497 1563 Auctore
523 1514 587 1561 ab
612 1514 699 1562 illo
730 1514 878 1562 ducis
905 1514 1169 1576 originem,
1629 1515 1660 1562 5

268 1580 371 1643 Qui
390 1580 712 1629 Formiarum
744 1581 947 1630 moenia
972 1582 1160 1630 dicitur

335 1648 584 1711 Princeps
608 1654 662 1697 et
691 1650 957 1697 innantem
986 1649 1211 1698 Maricae

402 1715 668 1764 Litoribus
698 1718 928 1765 tenuisse
955 1717 1132 1774 Lirim,

266 1780 399 1831 Late
423 1788 675 1847 tyrannus
698 1786 750 1846 ε)
792 1799 905 1832 cras
931 1785 1067 1833 foliis
1093 1798 1274 1832 nemus

266 1849 452 1899 Multis
475 1856 528 1898 et
552 1851 671 1914 alga
700 1852 824 1899 litus
853 1851 1020 1899 inutili
1604 1850 1664 1898 10

334 1917 576 1967 Demissa
600 1924 889 1981 tempestas
916 1919 980 1967 ab
1006 1920 1144 1967 Euro

401 1984 621 2044 Sternet,
651 2002 815 2050 aquae
844 1987 942 2034 nisi
969 1987 1101 2035 fallit
1126 2002 1302 2049 augur,

265 2052 483 2101 Annosa
508 2054 697 2103 cornix.
775 2054 912 2102 Dum
939 2060 1101 2117 potes
1129 2055 1329 2102 aridum

267 2119 528 2183 Compone
555 2121 783 2185 lignum:
822 2137 935 2170 cras
963 2122 1182 2171 Genium
1210 2137 1348 2170 mero

335 2186 553 2237 Curabis
577 2194 630 2237 et
653 2204 808 2253 porco
836 2190 1082 2248 bimestri,
1608 2186 1665 2234 15

401 2254 535 2306 Cum
559 2257 767 2306 famulis
794 2272 1003 2321 operum
1028 2257 1225 2306 solutis.

749 2433 963 2483 XVIII.

266 2530 458 2595 Faune,
484 2533 852 2600 Nympharum
877 2535 1162 2598 fugientum
1189 2540 1402 2595 amator,

265 2599 368 2649 Per
389 2617 531 2651 meos
557 2603 681 2651 fines
706 2609 758 2651 et
784 2603 956 2665 aprica
981 2618 1100 2651 rura

266 2663 423 2717 Lenis
447 2670 665 2727 incedas
696 2671 951 2733 abeasque
977 2670 1155 2732 parvis

467 2739 680 2800 Aequus
708 2737 942 2796 alumnis,

158 2867 184 2904 6
201 2866 313 2905 ducit
330 2849 590 2906 e‘eonieceura
694 2870 741 2906 13
764 2870 876 2920 potis
981 2870 1028 2905 16
1047 2880 1171 2920 porca
1275 2869 1321 2904 15
1340 2867 1553 2904 bimenstri

239 2937 345 2980 Hor.
369 2939 396 2980 ⁶
