1878 3054
13 119 160 170 ,22

561 126 799 164 HORA‘PI
844 124 1133 164 CARMINV
1145 125 1186 161 M

226 261 543 321 Intemptata
580 259 742 305 nites:
781 273 860 304 me
897 257 1072 304 tabula
1107 269 1248 303 sacer

227 326 421 374 Votiva
458 325 624 387 paries
662 324 855 371 indicat
891 324 1048 370 uvida

361 392 698 453 suspendisse
736 390 931 453 potenti
1566 374 1625 421 15

426 458 749 506 Vestimenta
785 457 937 504 maris
973 455 1093 504 deol

827 634 922 682 VI.

228 735 471 785 Scriberis
509 736 668 783 Vario
706 735 851 783 fortis
887 740 939 783 et
975 735 1199 782 hostium

228 803 411 851 Victor
446 803 688 865 ‘Maeonii
726 802 963 850 Carminis
1000 802 1134 860 alite,

230 871 395 931 Quam
420 885 525 917 rem
553 885 763 931 cumque
792 870 929 916 ferox
954 869 1171 916 navibus
1197 873 1286 915 aut
1311 869 1452 931 equis

361 937 512 984 Miles
547 942 595 983 te
635 936 759 983 duce
797 936 1040 998 gesserit:

164 992 166 994 ’
228 1003 353 1061 Nos,
381 1004 625 1065 Agrippa,
658 1018 817 1065 neque
848 1003 971 1050 haec
997 1003 1174 1061 dicere,
1202 1017 1293 1049 nec
1318 1017 1524 1064 gravem
1604 1001 1634 1048 5

229 1070 435 1118 Pelidae
474 1070 794 1118 stomachum
835 1070 1008 1117 cedere
1043 1070 1214 1127 nescii,

228 1137 338 1185 Nec
373 1152 549 1185 cursus
587 1138 808 1199 duplicis
845 1152 933 1200 per
969 1152 1106 1184 mare
1144 1137 1328 1195 Ulixei,

353 1205 468 1268 vNec
510 1220 714 1256 saevam
760 1205 967 1266 Pelopis
1004 1204 1210 1252 domum

230 1271 499 1329 Conamur,
538 1277 716 1318 tenues
759 1272 988 1334 grandia,
1026 1272 1144 1319 dum
1181 1271 1344 1334 pudor

227 1338 550 1401 Imbellisque
588 1339 729 1400 lyrae
774 1339 929 1386 Musa
962 1343 1143 1401 potens
1179 1343 1322 1386 vetat
1579 1334 1638 1381 10

229 1405 432 1453 Laudes
468 1406 661 1468 egregii
708 1405 945 1453 Caesaris
981 1411 1032 1453 et
1066 1412 1184 1454 tuas

363 1472 525 1534 Culpa
561 1473 787 1520 deterere
823 1473 1006 1535 ingeni.

229 1540 358 1600 Quis
383 1540 602 1586 Martem
630 1540 806 1587 tunica
833 1545 1023 1587 tectum
1050 1539 1393 1592 adamantina.>

228 1606 394 1669 Digne
432 1607 699 1669 scripserit,
745 1612 834 1654 aut
868 1607 1077 1669 pulvere
1114 1607 1293 1654 Troico

227 1673 448 1736 Nigrum
486 1674 763 1731 Merionen,
806 1679 894 1720 aut
930 1689 1023 1735 ope
1061 1672 1287 1721 Palladis
1582 1668 1641 1715 15

361 1740 594 1803 Tydiden
633 1741 828 1803 superis
863 1738 1075 1803 parem?

228 1806 339 1855 Nos
377 1807 625 1864 convivia,
667 1823 759 1855 nos
798 1808 992 1869 proelia
1029 1807 1286 1869 virginum

232 1873 396 1922 Sectis
431 1874 484 1920 in
511 1875 729 1935 Juvenes
769 1875 1028 1936 unguibus
1065 1874 1255 1921 acrium

230 1940 526 1998 Cantamus,
567 1941 730 1999 vacui,
774 1941 881 1988 sive
919 1941 1041 2003 quid
1078 1941 1285 1998 urimur,

363 2006 482 2054 Non
518 2011 720 2069 praeter
758 2007 966 2054 solitum
1001 2007 1152 2054 leves,
1581 1999 1642 2045 20

811 2191 935 2239 VII.
996 2216 997 2219 =

102 2293 408 2343 Laudabunt
434 2293 520 2341 alii
546 2293 734 2341 claram
761 2293 986 2340 Rhodon
1013 2296 1102 2339 aut
1127 2291 1427 2354 Mytilenen,

231 2361 342 2408 Aut
378 2360 620 2422 Epheson
658 2360 928 2407 bimarisve
969 2358 1204 2406 Corinthi

99 2427 317 2486 Moenia,
346 2427 425 2474 vel
453 2427 653 2475 Baccho
682 2426 884 2474 Thebas
911 2426 991 2473 vel
1016 2425 1251 2488 Apolline
1277 2425 1506 2489 Delphos

231 2495 483 2557 Insignes,
524 2501 611 2543 aut
648 2495 894 2543 Thessala
930 2493 1148 2556 Tempe3

103 2561 233 2611 Sunt
257 2563 439 2626 quibus
465 2579 621 2612 unum
647 2579 772 2628 opus
798 2570 876 2612 est
899 2564 1119 2611 intactae
1145 2560 1372 2622 Palladis
1398 2560 1573 2608 urbem
1615 2565 1643 2614 5

234 2630 468 2679 Carmine
507 2637 749 2695 perpetuo
786 2631 1049 2687 celebrare,
1087 2634 1139 2677 et

251 2772 298 2810 13
318 2772 519 2810 intentata
785 2771 833 2808 14
851 2771 1018 2808 humida
1282 2769 1303 2807 7
1324 2769 1501 2819 duplices

401 2823 423 2858 2
444 2822 646 2872 Ephesum
963 2824 983 2857 5
1004 2831 1125 2867 arces,
1145 2832 1274 2856 arcem
