1878 3054
625 156 751 196 mn.
791 156 886 195 111.
926 141 1106 194 22-24
1221 158 1229 165 ·
1587 141 1658 194 85

348 290 502 350 Nam,
529 305 659 355 quae
685 289 842 337 nivali
866 288 1095 352 pascitur
1121 286 1315 351 Algido

353 359 558 409 Devota
576 371 799 421 ‘quercus
824 356 958 403 inter
982 360 1035 403 et
1059 355 1216 414 iliceS,
1597 358 1661 406 10

421 427 534 476 Aut
557 425 739 474 crescit
764 423 987 471 Albanis
1011 423 1064 470 in
1089 422 1273 483 herbis,

487 492 727 551 Victima,
753 490 1048 555 pontificum
1074 505 1276 539 secures

354 561 564 611 Cervice
589 561 821 622 tinguet:
860 563 911 606 te
940 558 1069 605 nihil
1097 559 1282 607 attinet

356 629 632 691 Temptare
657 627 822 675 multa
848 627 1003 674 caede
1027 627 1310 675 bidentium

419 696 620 744 Parvos
643 700 970 743 coronantem
996 695 1195 742 marino
1601 694 1660 743 15

486 763 623 811 Rore
650 763 772 811 deos
800 763 1073 826 fragilique
1099 767 1285 826 myrto.

352 829 606 878 Immunis
632 846 772 879 aram
801 831 846 878 si
874 832 1050 894 tetigit
1072 845 1270 890 manus,

351 896 475 946 Non
501 904 805 961 sumptuosa
833 898 1072 946 blandior
1097 898 1268 946 hostia

422 964 653 1013 Mollivit
678 981 888 1014 aversos
916 966 1138 1014 Penates

490 1032 648 1081 Farre
672 1034 756 1095 pio
781 1038 834 1081 et
859 1034 1073 1082 saliente
1097 1033 1243 1081 mica.
1603 1031 1666 1078 20

770 1220 978 1272 XXIV.

219 1323 438 1374 Intactis
463 1323 753 1387 opulentior

288 1390 568 1440 Thesauris
595 1391 830 1439 Arabum
858 1396 911 1440 et
936 1392 1113 1442 divitis
1138 1392 1317 1442 Indiae

222 1458 516 1508 Caementis
542 1458 663 1507 licet
688 1474 903 1523 occupes

288 1525 612 1590 Tyrrhenum
641 1541 788 1575 omne
814 1527 919 1575 tuis
943 1533 995 1576 et
1018 1544 1156 1577 mare
1181 1527 1473 1593 Apulicum‚

221 1592 278 1643 Si
301 1593 412 1657 figit
436 1593 800 1643 adamantinos
1635 1595 1663 1641 5

292 1660 518 1710 Summis
546 1661 825 1710 verticibus
851 1663 963 1711 dira
987 1662 1286 1712 Necessitas

221 1727 428 1788 clavos,
454 1744 556 1777 non
584 1730 814 1778 animum
841 1735 996 1789 metu,

289 1795 411 1844 Non
434 1797 615 1845 mortis
642 1797 840 1860 laqueis
867 1798 1106 1861 expedies
1131 1803 1297 1862 caput.

223 1861 551 1927 Campestres
577 1865 763 1912 melius
793 1865 1033 1928 Scythae,

290 1931 517 1992 Quorum
538 1931 773 1995 plaustra
795 1948 957 1996 vagas
977 1934 1072 1981 rite
1090 1934 1303 1983 trahunt
1322 1934 1516 1994 domos,
1607 1933 1668 1979 10

219 1995 438 2057 Vivant,
465 2003 518 2047 et
543 1999 695 2062 rigidi
726 2000 903 2059 Getae,

290 2064 565 2115 Immetata
591 2067 784 2130 quibus
801 2070 988 2131 jugera
1011 2068 1198 2117 liberas

222 2130 426 2196 Fruges
448 2139 503 2182 et
528 2134 769 2183 Cererem
795 2136 977 2195 ferunt,

290 2199 399 2249 Nec
423 2202 624 2250 cultura
652 2203 820 2267 placet
847 2204 1049 2267 longior
1072 2219 1258 2265 annua,

221 2266 639 2333 Defunctumque
670 2271 929 2320 laboribus
1612 2267 1670 2315 15

290 2335 514 2400 Aequali
544 2344 741 2387 recreat
766 2344 901 2387 sorte
929 2338 1165 2388 vicarius.

222 2400 337 2451 Illic
361 2408 524 2453 matre
552 2406 843 2455 carentibus

291 2468 554 2534 Privignis
583 2474 767 2522 mulier
794 2479 1049 2538 temperat
1071 2473 1331 2536 innocens,

221 2533 274 2584 N
275 2551 333 2586 ec
356 2537 536 2587 dotata
563 2541 698 2604 regit
723 2542 893 2589 virum

293 2602 541 2668 conjunx,
571 2623 663 2656 nec
691 2609 854 2657 nitido
881 2609 993 2657 fidit
1018 2609 1264 2658 adultero,
1612 2603 1674 2649 20

268 2741 316 2778 12
335 2744 506 2781 securim
611 2747 656 2783 13
677 2747 810 2795 tinget
915 2749 962 2785 14
983 2752 1139 2786 tentare
1244 2748 1290 2784 19
1311 2748 1484 2784 mollibit

119 2788 144 2826 4
163 2788 387 2839 Tirrcnnm,
402 2798 603 2833 terrenum
625 2811 644 2833 e
659 2799 880 2835 coniectura
908 2801 932 2835 4
946 2800 1166 2849 publicum,
1181 2799 1390 2843 Punicum,
1406 2799 1619 2835 Ponticum

324 2843 370 2878 10
391 2844 529 2882 domo·
548 2847 624 2883 rite
645 2847 813 2885 trahunt.
831 2861 958 2897 vagas
1183 2851 1231 2887 20
1251 2850 1399 2886 coniux
