1878 3054
198 158 302 209 110

285 2659 307 2694 5
326 2659 463 2694 retulit
532 2658 553 2696 7
573 2660 732 2709 direpta
793 2659 815 2695 9
837 2659 1047 2702 Quirinum
1068 2671 1087 2694 e
1106 2659 1325 2694 coniectura
1399 2658 1444 2694 11
1466 2659 1636 2695 dimovit

420 2709 465 2745 15
485 2712 617 2746 ortum
719 2710 765 2746 18
785 2710 927 2757 exigit,
946 2710 1098 2745 eximet
1198 2709 1244 2744 21
1267 2708 1499 2745 Danuvium

671 169 903 207 HORA'I'I
945 169 1290 211 GAssulNVM

910 351 1032 400 XV.

394 464 633 512 Phoebus
659 463 915 511 volentem
940 464 1133 526 proelia
1155 479 1238 513 me
1262 465 1401 530 loqui

394 533 576 580 Victas
601 536 652 578 et
675 531 838 589 urbes,
867 531 1117 593 increpuit
1140 532 1267 595 lyra,

458 599 537 646 Ne
562 613 722 661 parva
748 597 1073 660 Tyrrhenum
1100 614 1190 662 per
1215 615 1402 663 aequor

525 666 657 713 Vela
681 665 866 712 darem.
943 664 1069 724 Tua,
1099 666 1302 727 Caesar,
1329 673 1471 717 aetas

391 734 591 796 Fruges
615 739 667 780 et
692 732 832 795 agris
861 733 1060 780 rettulit
1086 735 1281 794 ubereS,

390 800 461 848 Et
485 802 831 863 signanostro
861 800 1083 848 restituit
1107 802 1143 850 J
1147 803 1231 850 ovi

459 868 684 930 Derepta
710 866 1017 915 Parthorum
1044 869 1277 931 superbis

527 935 783 994 Postibus,
815 940 867 982 et
892 950 1109 983 vacuum
1133 936 1316 984 duellis

389 1002 426 1050 J
430 1017 582 1049 anum
610 1002 810 1063 Quirini
841 1002 1041 1061 clausit,
1066 1009 1118 1050 et
1143 1004 1369 1051 ordinem

389 1069 609 1117 Rectum
634 1070 878 1132 evaganti
906 1070 1047 1117 frena
1071 1069 1306 1119 licentiae

453 1137 646 1198 Injecit‚
685 1138 977 1199 emovitque
1015 1137 1204 1199 culpaS,

521 1204 591 1251 Et
625 1209 822 1251 veteres
857 1204 1115 1252 revocavit
1149 1208 1300 1263 artes,

389 1269 488 1318 Per
512 1285 639 1333 quas
665 1271 910 1318 Latinum
936 1285 1119 1318 nomen
1142 1276 1195 1319 et
1219 1270 1386 1319 Italae

389 1337 603 1386 Crevere
630 1338 776 1396 vires,
807 1338 1040 1400 famaque
1065 1342 1116 1385 et
1141 1338 1321 1400 imperi

454 1405 696 1452 Porrecta
732 1407 974 1466 majestas
1011 1404 1075 1451 ad
1111 1410 1253 1452 ortus

522 1471 655 1520 Solis
693 1473 756 1519 ab
797 1471 1046 1534 Hesperio
1081 1472 1247 1520 cubili.

388 1538 614 1587 Custode
639 1554 808 1586 rerum
838 1539 1071 1597 Caesare,
1100 1553 1201 1586 non
1225 1539 1365 1587 furor

388 1605 568 1653 Civilis
604 1613 692 1653 aut
728 1606 807 1653 vis
843 1606 1016 1667 exiget
1051 1605 1225 1664 otium,

454 1672 572 1720 Non
609 1673 698 1731 ira,
739 1688 869 1735 quae
908 1673 1142 1735 procudit
1175 1687 1324 1720 enses

520 1739 589 1787 Et
623 1741 834 1787 miseras
876 1740 1106 1787 inimicat
1141 1739 1302 1788 urbes,

385 1806 504 1854 Non
530 1807 615 1869 qui
641 1807 954 1869 profundum
982 1806 1275 1854 Danubium
1301 1807 1486 1856 bibunt

384 1872 569 1921 Edicta
595 1879 831 1936 rumpent
860 1874 891 1922 J
902 1874 1017 1932 ulia,
1045 1888 1147 1920 non
1173 1873 1349 1933 Getae,

454 1941 573 1988 Non
613 1941 760 1988 Seres
799 1941 1006 1988 infidive
1044 1940 1246 1999 Persae,

517 2007 635 2054 Non
672 2008 872 2054 Tanain
911 2022 1065 2070 prope
1104 2007 1289 2055 flumen
1325 2009 1435 2057 orti.

384 2073 593 2137 Nosque
619 2080 670 2121 et
694 2075 938 2136 profestis
964 2074 1161 2122 lucibus
1186 2080 1237 2122 et
1262 2077 1435 2135 sacris,

382 2141 525 2188 Inter
550 2142 714 2201 jocosi
751 2157 965 2188 munera
1003 2141 1191 2199 Liberi,

454 2207 583 2262 Cum
618 2208 754 2270 prole
793 2208 1140 2270 matronisque
1176 2208 1381 2267 nostris,

516 2274 636 2321 Rite
674 2276 795 2322 deos
833 2276 970 2338 prius
1008 2275 1282 2337 apprecati,

382 2341 587 2388 Virtute
614 2342 827 2400 functos,
858 2357 994 2389 more
1022 2347 1238 2404 patrum,
1267 2342 1436 2400 duces,

383 2407 549 2470 Lydis
585 2410 797 2456 remixto
834 2409 1051 2456 carmine
1088 2409 1244 2467 tibiis,

451 2474 751 2539 Trojamque
776 2481 828 2523 et
853 2475 1114 2522 Anchisen
1139 2481 1190 2522 et
1216 2475 1379 2522 almae

519 2542 822 2604 Progeniem
848 2542 1061 2589 Veneris
1087 2557 1339 2590 canemus.

1696 1071 1753 1118 10

1694 1403 1752 1450 15

1689 1737 1751 1782 20

1684 2401 1746 2444 30
