1878 3054
167 165 237 214 36

626 171 866 210 HORA'PI
909 169 1254 210 CARMINVM

839 328 1050 377 XXVI.

367 430 534 479 Musis
560 431 750 478 amicus
776 430 1039 477 tristitiam
1065 436 1117 479 et
1140 436 1310 480 metus

370 498 591 547 Tradam
616 497 867 559 protervis
891 497 944 544 in
969 513 1105 546 mare
1133 499 1392 547 Oreticum

437 566 647 613 Portare
674 564 857 622 ventis,
887 565 1001 626 quis
1027 564 1118 612 sub
1144 565 1304 615 Arcto

506 632 619 679 Rex
644 632 840 693 gelidae
868 637 1126 680 metuatur
1149 648 1281 693 orae,

373 699 511 761 Quid
538 699 800 746 Tiridaten
830 705 1032 758 terreat,
1059 700 1204 748 unice
1677 709 1706 756 5

373 766 601 816 Securus
676 765 718 814 Ο
746 782 874 829 quae
906 767 1128 814 fontibus
1153 767 1370 831 integris

440 833 661 891 Gaudes,
689 835 884 895 apricos
912 841 1054 881 necte
1081 833 1241 894 flores,

505 900 664 947 Necte
689 915 802 947 meo
830 901 1042 948 Lamiae
1067 916 1318 961 coronam,

373 966 602 1030 Pimplea
626 966 811 1015 dulcis!
883 967 970 1014 Nil
998 968 1106 1014 sine
1130 972 1180 1016 te
1205 968 1307 1016 mei

375 1034 597 1083 Prosunt
624 1034 864 1082 honores:
904 1034 1038 1082 hunc
1063 1035 1245 1083 fidibus
1269 1035 1431 1095 novis,
1647 1041 1707 1088 10

442 1101 595 1149 Hunc
621 1101 806 1148 Lesbio
834 1116 1031 1148 sacrare
1057 1102 1248 1164 plectro

508 1167 677 1231 Teque
702 1173 919 1231 tuasque
946 1169 1092 1216 decet
1117 1183 1326 1217 sorores,

836 1330 1074 1380 XXVII.

376 1433 530 1482 Natis
554 1433 607 1480 in
630 1448 779 1481 usum
804 1434 1028 1482 laetitiae
1054 1435 1268 1498 scyphis

379 1500 617 1563 Pugnare
644 1500 897 1547 Thracum
922 1507 1033 1550 est:
1071 1502 1234 1550 tollite
1258 1503 1531 1550 barbarum

445 1567 657 1625 Morem,
685 1568 1127 1630 verecundumque
1153 1569 1411 1617 Bacchum

517 1634 822 1696 Sanguineis
847 1634 1110 1697 prohibete
1138 1632 1291 1683 rixis!

383 1701 520 1749 Vino
545 1706 597 1748 et
621 1701 839 1748 lucernis
866 1701 1054 1748 Medus
1081 1702 1310 1750 acinaces
1682 1703 1713 1750 5

379 1768 609 1816 Immane
635 1773 884 1830 quantum
911 1768 1195 1831 discrepat:
1233 1770 1444 1832 impium

449 1834 628 1882 Lenite
653 1835 939 1894 clamorem,
970 1836 1186 1895 sodales,

516 1901 586 1948 Et
610 1902 776 1949 cubito
802 1908 1060 1950 remanete
1083 1902 1289 1966 presso!

381 1967 555 2015 Voltis
580 1969 743 2016 severi
769 1984 849 2016 me
878 1984 1076 2032 quoque
1103 1985 1299 2018 sumere

385 2034 591 2082 Partem
616 2034 858 2083 Falerni?
933 2037 1084 2084 Dicat
1110 2036 1366 2099 Opuntiae
1660 2035 1718 2082 10

452 2102 633 2149 Frater
657 2102 914 2164 Megillae,
944 2119 1044 2165 quo
1068 2104 1250 2151 beatus

519 2169 756 2227 Volnere,
784 2185 884 2232 qua
910 2175 1085 2232 pereat
1110 2170 1314 2232 sagitta.

389 2235 572 2285 Cessat
596 2236 869 2284 voluntas?
942 2237 1061 2285 Non
1086 2237 1186 2284 alia
1210 2237 1379 2284 bibam

387 2302 635 2352 Mercede.
710 2305 851 2365 Quae
878 2310 928 2353 te
956 2320 1168 2367 cumque
1194 2305 1367 2352 domat
1390 2303 1585 2366 Venus,

458 2370 578 2418 Non
612 2372 969 2420 erubescendis
1007 2373 1176 2419 adurit
1658 2366 1717 2414 15

523 2439 753 2501 Ignibus,
785 2439 1106 2502 ingenuoque
1133 2453 1333 2501 semper
1360 2451 1362 2454 ’

389 2505 579 2554 Amore
603 2521 783 2569 peccas
807 2523 819 2567 3
857 2507 1095 2569 quicquid
1123 2506 1293 2565 habeS‚
1322 2521 1431 2569 age,

391 2572 598 2636 Depone
623 2573 749 2620 tutis
777 2573 1158 2620 auribus—Ah
1186 2574 1354 2634 miser,

459 2640 663 2700 Quanta
687 2640 957 2687 laborabas
985 2639 1262 2703 Charybdi,

527 2707 694 2768 Digne
719 2721 843 2769 puer
866 2707 1068 2754 meliore
1094 2705 1325 2755 flammai
1663 2697 1725 2744 ‘20

295 2836 318 2873 9
332 2835 472 2886 Piplea
487 2841 532 2881 Ω,
548 2836 718 2886 Pimplei
734 2849 753 2872 e
766 2837 984 2873 coniectura
1078 2837 1124 2873 10
1137 2840 1307 2888 possunt
1413 2838 1435 2874 6
1448 2837 1646 2889 discrepet

423 2887 469 2922 12
485 2887 648 2923 vulnere
826 2887 872 2923 13
892 2888 1079 2937 voluptas
1259 2889 1305 2924 19
1324 2887 1482 2925 laboras
1502 2888 1545 2924 in
