1878 3054
190 238 194 242 .
226 180 332 242 164
681 201 919 240 ΗΟΒΑΤῙ
962 200 1330 242 SATIRARVM

225 334 495 382 Miscueris
520 334 667 391 elixa,
696 333 843 381 simul
870 334 1137 396 conchylia
1161 333 1342 392 turdis,

226 402 408 450 Dulcia
434 417 486 448 se
511 401 564 447 in
590 402 742 447 bilem
769 406 981 458 vertent,
1009 400 1370 464 stomachoque
1395 401 1669 450 tumultum
1723 402 1780 453 75

226 469 393 516 Lenta
416 470 541 515 seret
565 468 764 530 pituita.
839 467 998 514 Vides
1022 474 1079 514 ut
1102 467 1323 530 pallidus
1349 468 1510 516 omnis

227 536 367 583 Cena
391 536 635 596 desurgat
661 533 851 581 dubia?
924 534 1060 594 Quin
1085 549 1265 597 corpus
1290 540 1530 582 onustum

226 602 495 649 Hesternis
524 602 661 648 vitiis
688 602 910 648 animum
937 616 1135 663 quoque
1162 610 1468 663 praegravat
1494 616 1611 662 una,

225 670 398 732 Atque
425 669 581 730 affigit
608 668 758 715 humo
785 668 991 715 divinae
1017 668 1320 730 particulam
1346 683 1508 716 aurae.

226 736 388 794 Alter,
416 737 500 782 ubi
526 736 661 783 dicto
686 735 835 783 citius
860 743 1035 782 curata
1061 735 1229 797 sopori
1719 734 1779 781 80

225 803 458 850 Membra
484 803 637 860 dedit,
667 807 880 862 vegetus
904 802 1215 865 praescripta
1241 803 1305 850 ad
1331 803 1506 850 munia
1531 802 1706 865 surgit.

226 870 327 917 Hic
351 876 519 917 tamen
547 870 611 917 ad
637 869 816 917 melius
842 869 1029 931 poterit
1053 875 1395 917 transcurrere
1422 870 1692 933 quondam,

226 937 343 985 Sive
370 938 501 984 diem
530 937 714 984 festum
740 936 942 983 rediens
968 937 1230 984 advexerit
1255 951 1432 995 annus,

227 1004 328 1052 Seu
352 1019 572 1052 recreare
601 1003 738 1051 volet
763 1008 1031 1050 tenuatum
1059 1018 1253 1066 corpus,
1281 1004 1465 1068 ubique

226 1072 487 1119 Accedent
513 1071 630 1119 anni
657 1077 708 1118 et
733 1071 940 1118 tractari
968 1070 1170 1118 mollius
1197 1075 1339 1118 aetas

225 1139 489 1186 Imbecilla
514 1138 683 1198 volet3
721 1137 813 1184 tibi
840 1138 1081 1200 quidnam
1109 1138 1310 1186 accedet
1335 1137 1398 1186 ad
1425 1138 1594 1197 istam,
1720 1134 1781 1181 85

227 1207 394 1266 Quam
418 1221 543 1268 puer
568 1211 620 1252 et
646 1204 846 1251 validus
871 1206 1171 1267 praesumis,
1199 1197 1477 1263 mollitiem,
1505 1220 1595 1254 seu

227 1273 368 1320 Dura
393 1272 632 1320 valetudo
658 1272 890 1319 inciderit
915 1286 1003 1319 seu
1029 1273 1176 1320 tarda
1200 1278 1462 1319 senectus.
1449 1270 1470 1307 ‘²

226 1340 517 1388 Rancidum
543 1354 720 1401 aprum
748 1339 944 1402 antiqui
971 1339 1264 1398 laudabant,
1292 1354 1392 1387 non
1418 1339 1536 1402 quia
1559 1354 1715 1388 nasus

225 1407 338 1455 Illis
363 1407 532 1454 nullus
557 1411 680 1464 erat,
704 1406 805 1463 sed,
835 1406 997 1464 credo,
1023 1405 1115 1454 hac
1143 1411 1324 1464 mente,
1346 1407 1480 1470 quod
1507 1406 1692 1469 hospes
1719 1409 1781 1456 90

226 1474 442 1522 Tardius
469 1474 747 1522 adveniens
772 1473 1010 1520 vitiatum
1035 1472 1349 1522 commodius
1374 1488 1525 1537 quam

225 1543 490 1603 Integrum
509 1541 639 1589 edax
657 1540 893 1588 dominus
914 1547 1245 1589 consumeret.
1282 1547 1283 1551 ’
1305 1541 1419 1589 Hos
1438 1541 1633 1588 utinam
1652 1540 1782 1588 inter

227 1609 428 1657 Heroas
454 1614 631 1656 natum
657 1608 808 1655 tellus
834 1623 912 1655 me
939 1609 1103 1672 prima
1128 1608 1358 1657 tulisset!

226 1676 333 1725 Das
360 1678 550 1740 aliquid
575 1677 754 1732 famae,
784 1692 911 1739 quae
933 1678 1149 1725 carmine
1175 1677 1370 1740 gratior
1394 1692 1565 1725 aurem

227 1743 456 1807 Occupat
481 1742 793 1792 humanam?
867 1744 1098 1793 Grandes
1122 1745 1318 1792 rhombi
1343 1746 1647 1808 patinaeque
1721 1745 1782 1794 95

228 1811 430 1860 Grande
456 1812 624 1859 ferunt
649 1827 750 1859 una
775 1827 887 1859 cum
917 1813 1102 1860 damno
1127 1813 1380 1874 dedecus;
1418 1812 1546 1860 adde

227 1879 421 1927 Iratum
446 1886 697 1942 patruum,
727 1879 934 1938 vicinos,
962 1885 1010 1927 te
1036 1880 1167 1927 tibi
1153 1881 1382 1943 iniquum

227 1946 296 1993 Et
322 1947 511 1994 frustra
535 1947 713 1994 mortis
737 1947 992 2010 cupidum,
1019 1962 1131 1995 cum
1158 1944 1316 1995 deerit
1339 1945 1510 2008 egenti

229 2013 319 2071 As,
346 2013 510 2076 laquei
535 2014 767 2076 pretium
841 2015 920 2062 J
928 2029 1026 2072 ure
1034 2016 1062 2041 ''
1087 2014 1306 2077 inquit,‘
1313 2013 1586 2061 ‘Transius
1610 2012 1727 2060 istis

227 2080 262 2127 J
269 2087 479 2142 urgatur
504 2080 701 2140 verbis;
737 2090 833 2142 ego
858 2081 1129 2143 vectigalia
1153 2096 1341 2143 magna
1692 2081 1785 2130 100

228 2147 546 2210 Divitiasque
574 2147 736 2194 habeo
762 2148 925 2194 tribus
950 2148 1146 2210 amplas
1170 2149 1425 2210 regibus.''
1494 2146 1634 2208 Ergo

230 2215 377 2276 Quod
404 2219 611 2276 superat
636 2229 734 2261 non
760 2221 839 2261 est
864 2215 1044 2262 melius
1070 2230 1169 2277 quo
1194 2215 1444 2262 insumere
1468 2211 1675 2276 possis?

230 2281 334 2329 Cur
356 2286 473 2342 eget
499 2281 739 2342 indignus
765 2281 1031 2343 quisquam
1058 2287 1108 2328 te
1134 2280 1328 2329 divite?
1401 2282 1569 2342 Quare

229 2347 440 2410 Templa
466 2356 617 2395 ruunt
642 2349 851 2410 antiqua
875 2346 1063 2395 deum?
1137 2348 1255 2405 Cur,
1283 2349 1521 2411 improbe,
1548 2361 1692 2395 carae

230 2415 347 2462 Non
373 2415 560 2477 aliquid
586 2415 779 2477 patriae
807 2420 951 2462 tanto
977 2415 1202 2462 emetiris
1228 2413 1440 2462 acervo?
1587 2434 1589 2436 ·
1703 2408 1790 2456 105

230 2481 332 2528 Uni
357 2483 594 2528 nimirum
620 2488 750 2528 recte
777 2483 870 2529 tibi
897 2497 1095 2544 semper
1119 2487 1266 2529 erunt
1291 2497 1385 2540 res,

231 2548 274 2595 O
303 2563 518 2610 magnus
544 2548 757 2609 posthac
782 2549 999 2596 inimicis
1023 2547 1184 2596 risus!
1256 2548 1450 2596 Uterne

230 2615 315 2663 Ad
341 2631 489 2663 casus
515 2615 695 2662 dubios
720 2615 838 2663 fidet
864 2616 961 2662 sibi
988 2613 1210 2663 certius?
1247 2615 1326 2663 hic
1351 2615 1439 2678 qui

232 2681 471 2728 Pluribus
497 2682 724 2729 adsuerit
748 2687 967 2729 mentem
993 2697 1270 2745 corpusque
1297 2681 1582 2745 superbum,

280 2815 327 2854 77
346 2827 470 2852 caena
572 2814 593 2853 '7
597 2816 618 2852 9
639 2815 781 2863 affligit
882 2816 928 2852 83
948 2817 1163 2852 adduxerit
1265 2816 1312 2852 95
1331 2818 1496 2865 occupet
1598 2815 1644 2851 99
1663 2823 1731 2851 aes

426 2867 473 2903 99
493 2866 627 2915 inquis
638 2866 834 2914 perpauci
937 2867 1008 2903 106
1028 2870 1161 2903 rectae
1260 2867 1333 2903 106
1351 2870 1448 2902 eunt
1466 2879 1485 2901 e
1504 2866 1591 2901 coni
