<?xml version="1.0" encoding="UTF-8"?>
<!DOCTYPE html PUBLIC "-//W3C//DTD XHTML 1.0 Transitional//EN"
    "http://www.w3.org/TR/xhtml1/DTD/xhtml1-transitional.dtd">
<html xmlns="http://www.w3.org/1999/xhtml" xml:lang="en" lang="en">
 <head>
  <title>
</title>
<meta http-equiv="Content-Type" content="text/html;charset=utf-8" />
  <meta name='ocr-system' content='tesseract 3.04.00' />
  <meta name='ocr-capabilities' content='ocr_page ocr_carea ocr_par ocr_line ocrx_word'/>
</head>
<body>
  <div class='ocr_page' id='page_1' title='image "./workschase00horauoft_0056.png"; bbox 0 0 1878 3054; ppageno 0'>
   <div class='ocr_carea' id='block_1_1' title="bbox 197 167 1292 223">
    <p class='ocr_par' dir='ltr' id='par_1_1' title="bbox 197 167 1292 223">
     <span class='ocr_line' id='line_1_1' title="bbox 197 167 1292 223; baseline 0.003 -5"><span class='ocrx_word' id='word_1_1' title='bbox 197 167 270 220; x_wconf 82' lang='lat'>52</span> <span class='ocrx_word' id='word_1_2' title='bbox 661 179 901 219; x_wconf 76' lang='grc' dir='ltr'><strong>ΗοΒΑΤῙ</strong></span> <span class='ocrx_word' id='word_1_3' title='bbox 945 181 1292 223; x_wconf 71' lang='grc' dir='ltr'><strong>οΑΒΜΙΝνΜ</strong></span> 
     </span>
    </p>
   </div>
   <div class='ocr_carea' id='block_1_2' title="bbox 388 310 1727 1780">
    <p class='ocr_par' dir='ltr' id='par_1_2' title="bbox 388 310 1727 1780">
     <span class='ocr_line' id='line_1_2' title="bbox 463 310 1279 374; baseline 0.005 -17"><span class='ocrx_word' id='word_1_4' title='bbox 463 310 670 358; x_wconf 88' lang='lat' dir='ltr'>Vexant</span> <span class='ocrx_word' id='word_1_5' title='bbox 706 311 998 374; x_wconf 83' lang='lat' dir='ltr'>inaequales</span> <span class='ocrx_word' id='word_1_6' title='bbox 1033 313 1279 374; x_wconf 79' lang='lat' dir='ltr'>procellae</span> 
     </span>
     <span class='ocr_line' id='line_1_3' title="bbox 534 377 1394 441; baseline 0.005 -17"><span class='ocrx_word' id='word_1_7' title='bbox 534 377 726 439; x_wconf 84' lang='lat' dir='ltr'>Usque,</span> <span class='ocrx_word' id='word_1_8' title='bbox 765 394 856 425; x_wconf 92' lang='lat' dir='ltr'>nec</span> <span class='ocrx_word' id='word_1_9' title='bbox 892 380 1151 427; x_wconf 85' lang='lat' dir='ltr'>Armeniis</span> <span class='ocrx_word' id='word_1_10' title='bbox 1187 380 1239 427; x_wconf 91' lang='lat' dir='ltr'>in</span> <span class='ocrx_word' id='word_1_11' title='bbox 1275 381 1394 441; x_wconf 83' lang='lat' dir='ltr'>oris,</span> 
     </span>
     <span class='ocr_line' id='line_1_4' title="bbox 399 443 1727 508; baseline 0.003 -16"><span class='ocrx_word' id='word_1_12' title='bbox 399 443 580 492; x_wconf 87' lang='lat' dir='ltr'>Amice</span> <span class='ocrx_word' id='word_1_13' title='bbox 617 445 788 506; x_wconf 89' lang='lat' dir='ltr'>Valgi,</span> <span class='ocrx_word' id='word_1_14' title='bbox 826 450 928 493; x_wconf 87' lang='lat' dir='ltr'>stat</span> <span class='ocrx_word' id='word_1_15' title='bbox 962 446 1151 508; x_wconf 84' lang='lat' dir='ltr'>glacies</span> <span class='ocrx_word' id='word_1_16' title='bbox 1186 447 1322 494; x_wconf 88' lang='lat' dir='ltr'>iners</span> <span class='ocrx_word' id='word_1_17' title='bbox 1699 455 1727 501; x_wconf 90' lang='lat'>5</span> 
     </span>
     <span class='ocr_line' id='line_1_5' title="bbox 400 509 1421 576; baseline 0.005 -19"><span class='ocrx_word' id='word_1_18' title='bbox 400 509 605 558; x_wconf 89' lang='lat' dir='ltr'>Menses</span> <span class='ocrx_word' id='word_1_19' title='bbox 629 526 717 573; x_wconf 92' lang='lat' dir='ltr'>per</span> <span class='ocrx_word' id='word_1_20' title='bbox 744 527 932 569; x_wconf 91' lang='lat' dir='ltr'>omnes,</span> <span class='ocrx_word' id='word_1_21' title='bbox 962 518 1050 560; x_wconf 89' lang='lat' dir='ltr'>aut</span> <span class='ocrx_word' id='word_1_22' title='bbox 1075 513 1421 576; x_wconf 82' lang='lat' dir='ltr'>Aquilonibus</span> 
     </span>
     <span class='ocr_line' id='line_1_6' title="bbox 469 578 1264 640; baseline 0.004 -16"><span class='ocrx_word' id='word_1_23' title='bbox 469 578 717 639; x_wconf 81' lang='lat' dir='ltr'>Querceta</span> <span class='ocrx_word' id='word_1_24' title='bbox 754 578 980 640; x_wconf 84' lang='lat' dir='ltr'>Gargani</span> <span class='ocrx_word' id='word_1_25' title='bbox 1016 580 1264 639; x_wconf 90' lang='lat' dir='ltr'>laborant,</span> 
     </span>
     <span class='ocr_line' id='line_1_7' title="bbox 532 645 1260 694; baseline 0.004 -3"><span class='ocrx_word' id='word_1_26' title='bbox 532 645 602 691; x_wconf 85' lang='lat' dir='ltr'>Et</span> <span class='ocrx_word' id='word_1_27' title='bbox 638 645 773 692; x_wconf 90' lang='lat' dir='ltr'>foliis</span> <span class='ocrx_word' id='word_1_28' title='bbox 811 645 1088 693; x_wconf 79' lang='lat' dir='ltr'>viduantur</span> <span class='ocrx_word' id='word_1_29' title='bbox 1124 647 1260 694; x_wconf 91' lang='lat' dir='ltr'>orni:</span> 
     </span>
     <span class='ocr_line' id='line_1_8' title="bbox 399 710 1341 776; baseline 0.004 -18"><span class='ocrx_word' id='word_1_30' title='bbox 399 710 478 759; x_wconf 83' lang='lat' dir='ltr'>Tu</span> <span class='ocrx_word' id='word_1_31' title='bbox 503 725 700 773; x_wconf 88' lang='lat' dir='ltr'>semper</span> <span class='ocrx_word' id='word_1_32' title='bbox 725 727 876 773; x_wconf 86' lang='lat' dir='ltr'>urges</span> <span class='ocrx_word' id='word_1_33' title='bbox 904 711 1153 776; x_wconf 87' lang='lat' dir='ltr'>flebilibus</span> <span class='ocrx_word' id='word_1_34' title='bbox 1178 714 1341 762; x_wconf 90' lang='lat' dir='ltr'>modis</span> 
     </span>
     <span class='ocr_line' id='line_1_9' title="bbox 397 778 1727 845; baseline 0.006 -20"><span class='ocrx_word' id='word_1_35' title='bbox 397 778 610 840; x_wconf 79' lang='lat' dir='ltr'>Mysten</span> <span class='ocrx_word' id='word_1_36' title='bbox 635 779 960 840; x_wconf 83' lang='lat' dir='ltr'>ademptum3</span> <span class='ocrx_word' id='word_1_37' title='bbox 1000 795 1090 827; x_wconf 91' lang='lat' dir='ltr'>nec</span> <span class='ocrx_word' id='word_1_38' title='bbox 1114 780 1208 828; x_wconf 91' lang='lat' dir='ltr'>tibi</span> <span class='ocrx_word' id='word_1_39' title='bbox 1234 781 1466 845; x_wconf 88' lang='lat' dir='ltr'>Vespero</span> <span class='ocrx_word' id='word_1_40' title='bbox 1667 787 1727 833; x_wconf 93' lang='grc'>10</span> 
     </span>
     <span class='ocr_line' id='line_1_10' title="bbox 467 845 1252 908; baseline 0.004 -15"><span class='ocrx_word' id='word_1_41' title='bbox 467 845 717 907; x_wconf 89' lang='lat' dir='ltr'>Surgente</span> <span class='ocrx_word' id='word_1_42' title='bbox 754 846 1005 894; x_wconf 90' lang='lat' dir='ltr'>decedunt</span> <span class='ocrx_word' id='word_1_43' title='bbox 1042 862 1252 908; x_wconf 80' lang='lat' dir='ltr'>amoreS,</span> 
     </span>
     <span class='ocr_line' id='line_1_11' title="bbox 529 912 1389 976; baseline 0.008 -18"><span class='ocrx_word' id='word_1_44' title='bbox 529 912 637 959; x_wconf 92' lang='lat' dir='ltr'>Nec</span> <span class='ocrx_word' id='word_1_45' title='bbox 672 913 904 975; x_wconf 87' lang='lat' dir='ltr'>rapidum</span> <span class='ocrx_word' id='word_1_46' title='bbox 942 914 1167 976; x_wconf 80' lang='lat' dir='ltr'>fugiente</span> <span class='ocrx_word' id='word_1_47' title='bbox 1205 915 1389 966; x_wconf 89' lang='lat' dir='ltr'>Solem.</span> 
     </span>
     <span class='ocr_line' id='line_1_12' title="bbox 395 977 1372 1031; baseline 0.003 -3"><span class='ocrx_word' id='word_1_48' title='bbox 395 977 472 1028; x_wconf 85' lang='lat' dir='ltr'>At</span> <span class='ocrx_word' id='word_1_49' title='bbox 496 994 597 1026; x_wconf 90' lang='lat' dir='ltr'>non</span> <span class='ocrx_word' id='word_1_50' title='bbox 622 984 699 1026; x_wconf 89' lang='lat' dir='ltr'>ter</span> <span class='ocrx_word' id='word_1_51' title='bbox 723 995 848 1026; x_wconf 89' lang='lat' dir='ltr'>aevo</span> <span class='ocrx_word' id='word_1_52' title='bbox 875 980 1079 1029; x_wconf 89' lang='lat' dir='ltr'>functus</span> <span class='ocrx_word' id='word_1_53' title='bbox 1105 983 1372 1031; x_wconf 80' lang='lat' dir='ltr'>amabilem</span> 
     </span>
     <span class='ocr_line' id='line_1_13' title="bbox 396 1045 1370 1098; baseline 0.005 -5"><span class='ocrx_word' id='word_1_54' title='bbox 396 1045 628 1093; x_wconf 87' lang='lat' dir='ltr'>Ploravit</span> <span class='ocrx_word' id='word_1_55' title='bbox 654 1061 829 1094; x_wconf 90' lang='lat' dir='ltr'>omnes</span> <span class='ocrx_word' id='word_1_56' title='bbox 856 1047 1189 1096; x_wconf 87' lang='lat' dir='ltr'>Antilochum</span> <span class='ocrx_word' id='word_1_57' title='bbox 1216 1064 1370 1098; x_wconf 86' lang='lat' dir='ltr'>senex</span> 
     </span>
     <span class='ocr_line' id='line_1_14' title="bbox 461 1113 1720 1178; baseline 0.007 -20"><span class='ocrx_word' id='word_1_58' title='bbox 461 1113 656 1170; x_wconf 90' lang='lat' dir='ltr'>Annos,</span> <span class='ocrx_word' id='word_1_59' title='bbox 696 1128 785 1160; x_wconf 92' lang='lat' dir='ltr'>nec</span> <span class='ocrx_word' id='word_1_60' title='bbox 822 1114 1077 1177; x_wconf 91' lang='lat' dir='ltr'>impubem</span> <span class='ocrx_word' id='word_1_61' title='bbox 1112 1121 1352 1178; x_wconf 89' lang='lat' dir='ltr'>parentes</span> <span class='ocrx_word' id='word_1_62' title='bbox 1662 1120 1720 1167; x_wconf 91' lang='lat'>15</span> 
     </span>
     <span class='ocr_line' id='line_1_15' title="bbox 529 1179 1387 1244; baseline 0.009 -19"><span class='ocrx_word' id='word_1_63' title='bbox 529 1179 732 1226; x_wconf 78' lang='lat' dir='ltr'>Troilon</span> <span class='ocrx_word' id='word_1_64' title='bbox 770 1186 858 1228; x_wconf 90' lang='lat' dir='ltr'>aut</span> <span class='ocrx_word' id='word_1_65' title='bbox 895 1181 1152 1244; x_wconf 83' lang='lat' dir='ltr'>Phrygiae</span> <span class='ocrx_word' id='word_1_66' title='bbox 1189 1198 1387 1233; x_wconf 83' lang='lat' dir='ltr'>sorores</span> 
     </span>
     <span class='ocr_line' id='line_1_16' title="bbox 393 1243 1352 1308; baseline 0.006 -16"><span class='ocrx_word' id='word_1_67' title='bbox 393 1243 603 1294; x_wconf 89' lang='lat' dir='ltr'>Flevere</span> <span class='ocrx_word' id='word_1_68' title='bbox 630 1261 840 1308; x_wconf 87' lang='lat' dir='ltr'>semper.</span> <span class='ocrx_word' id='word_1_69' title='bbox 914 1248 1099 1297; x_wconf 87' lang='lat' dir='ltr'>Desine</span> <span class='ocrx_word' id='word_1_70' title='bbox 1124 1251 1352 1298; x_wconf 90' lang='lat' dir='ltr'>mollium</span> 
     </span>
     <span class='ocr_line' id='line_1_17' title="bbox 394 1310 1429 1379; baseline 0.007 -20"><span class='ocrx_word' id='word_1_71' title='bbox 394 1310 618 1360; x_wconf 80' lang='lat' dir='ltr'>Tandem</span> <span class='ocrx_word' id='word_1_72' title='bbox 647 1315 996 1376; x_wconf 88' lang='lat' dir='ltr'>querellarum,</span> <span class='ocrx_word' id='word_1_73' title='bbox 1024 1322 1076 1363; x_wconf 90' lang='lat' dir='ltr'>et</span> <span class='ocrx_word' id='word_1_74' title='bbox 1099 1318 1268 1379; x_wconf 88' lang='lat' dir='ltr'>potius</span> <span class='ocrx_word' id='word_1_75' title='bbox 1293 1333 1429 1367; x_wconf 81' lang='lat' dir='ltr'>nova</span> 
     </span>
     <span class='ocr_line' id='line_1_18' title="bbox 461 1379 1247 1447; baseline 0.004 -19"><span class='ocrx_word' id='word_1_76' title='bbox 461 1379 740 1428; x_wconf 84' lang='lat' dir='ltr'>Cantemus</span> <span class='ocrx_word' id='word_1_77' title='bbox 778 1381 1004 1443; x_wconf 87' lang='lat' dir='ltr'>Augusti</span> <span class='ocrx_word' id='word_1_78' title='bbox 1039 1388 1247 1447; x_wconf 86' lang='lat' dir='ltr'>tropaea</span> 
     </span>
     <span class='ocr_line' id='line_1_19' title="bbox 525 1445 1718 1512; baseline 0.005 -18"><span class='ocrx_word' id='word_1_79' title='bbox 525 1445 774 1505; x_wconf 86' lang='lat' dir='ltr'>Caesaris,</span> <span class='ocrx_word' id='word_1_80' title='bbox 813 1453 864 1495; x_wconf 91' lang='lat' dir='ltr'>et</span> <span class='ocrx_word' id='word_1_81' title='bbox 900 1448 1122 1511; x_wconf 88' lang='lat' dir='ltr'>rigidum</span> <span class='ocrx_word' id='word_1_82' title='bbox 1159 1450 1438 1512; x_wconf 86' lang='lat' dir='ltr'>Niphaten,</span> <span class='ocrx_word' id='word_1_83' title='bbox 1656 1454 1718 1500; x_wconf 86' lang='lat'>20</span> 
     </span>
     <span class='ocr_line' id='line_1_20' title="bbox 388 1510 1455 1578; baseline 0.007 -19"><span class='ocrx_word' id='word_1_84' title='bbox 388 1510 700 1575; x_wconf 86' lang='lat' dir='ltr'>Medumque</span> <span class='ocrx_word' id='word_1_85' title='bbox 726 1513 926 1573; x_wconf 88' lang='lat' dir='ltr'>flumen,</span> <span class='ocrx_word' id='word_1_86' title='bbox 955 1517 1197 1578; x_wconf 86' lang='lat' dir='ltr'>gentibus</span> <span class='ocrx_word' id='word_1_87' title='bbox 1224 1517 1455 1567; x_wconf 83' lang='lat' dir='ltr'>additum</span> 
     </span>
     <span class='ocr_line' id='line_1_21' title="bbox 388 1577 1332 1643; baseline 0.004 -16"><span class='ocrx_word' id='word_1_88' title='bbox 388 1577 570 1637; x_wconf 81' lang='lat' dir='ltr'>Victis,</span> <span class='ocrx_word' id='word_1_89' title='bbox 608 1580 828 1628; x_wconf 88' lang='lat' dir='ltr'>minores</span> <span class='ocrx_word' id='word_1_90' title='bbox 867 1582 1069 1629; x_wconf 87' lang='lat' dir='ltr'>volvere</span> <span class='ocrx_word' id='word_1_91' title='bbox 1106 1584 1332 1643; x_wconf 80' lang='lat' dir='ltr'>verticeS,</span> 
     </span>
     <span class='ocr_line' id='line_1_22' title="bbox 453 1645 1369 1710; baseline 0.005 -16"><span class='ocrx_word' id='word_1_92' title='bbox 453 1645 698 1708; x_wconf 88' lang='lat' dir='ltr'>Intraque</span> <span class='ocrx_word' id='word_1_93' title='bbox 734 1649 1107 1710; x_wconf 89' lang='lat' dir='ltr'>praescriptum</span> <span class='ocrx_word' id='word_1_94' title='bbox 1145 1650 1369 1698; x_wconf 84' lang='lat' dir='ltr'>Gelonos</span> 
     </span>
     <span class='ocr_line' id='line_1_23' title="bbox 519 1711 1241 1780; baseline 0.008 -22"><span class='ocrx_word' id='word_1_95' title='bbox 519 1711 738 1775; x_wconf 86' lang='lat' dir='ltr'>Exiguis</span> <span class='ocrx_word' id='word_1_96' title='bbox 774 1715 1001 1776; x_wconf 90' lang='lat' dir='ltr'>equitare</span> <span class='ocrx_word' id='word_1_97' title='bbox 1038 1716 1241 1780; x_wconf 85' lang='lat' dir='ltr'>campis.</span> 
     </span>
    </p>
   </div>
   <div class='ocr_carea' id='block_1_3' title="bbox 930 1879 999 1928">
    <p class='ocr_par' dir='ltr' id='par_1_3' title="bbox 930 1879 999 1928">
     <span class='ocr_line' id='line_1_24' title="bbox 930 1879 999 1928; baseline -0.029 0"><span class='ocrx_word' id='word_1_98' title='bbox 930 1879 999 1928; x_wconf 90' lang='lat' dir='ltr'>X.</span> 
     </span>
    </p>
   </div>
   <div class='ocr_carea' id='block_1_4' title="bbox 375 1977 1708 2775">
    <p class='ocr_par' dir='ltr' id='par_1_4' title="bbox 375 1977 1708 2775">
     <span class='ocr_line' id='line_1_25' title="bbox 383 1977 1364 2046; baseline 0.007 -19"><span class='ocrx_word' id='word_1_99' title='bbox 383 1977 597 2028; x_wconf 87' lang='lat' dir='ltr'>Rectius</span> <span class='ocrx_word' id='word_1_100' title='bbox 622 1981 781 2039; x_wconf 78' lang='lat' dir='ltr'>viveS,</span> <span class='ocrx_word' id='word_1_101' title='bbox 810 1982 991 2042; x_wconf 90' lang='lat' dir='ltr'>Licini,</span> <span class='ocrx_word' id='word_1_102' title='bbox 1019 1998 1180 2046; x_wconf 88' lang='lat' dir='ltr'>neque</span> <span class='ocrx_word' id='word_1_103' title='bbox 1205 1985 1364 2034; x_wconf 88' lang='lat' dir='ltr'>altum</span> 
     </span>
     <span class='ocr_line' id='line_1_26' title="bbox 382 2044 1486 2114; baseline 0.009 -22"><span class='ocrx_word' id='word_1_104' title='bbox 382 2044 592 2108; x_wconf 87' lang='lat' dir='ltr'>Semper</span> <span class='ocrx_word' id='word_1_105' title='bbox 615 2047 858 2108; x_wconf 85' lang='lat' dir='ltr'>urgendo,</span> <span class='ocrx_word' id='word_1_106' title='bbox 886 2063 1061 2111; x_wconf 90' lang='lat' dir='ltr'>neque,</span> <span class='ocrx_word' id='word_1_107' title='bbox 1090 2051 1212 2098; x_wconf 92' lang='lat' dir='ltr'>dum</span> <span class='ocrx_word' id='word_1_108' title='bbox 1235 2053 1486 2114; x_wconf 85' lang='lat' dir='ltr'>procellas</span> 
     </span>
     <span class='ocr_line' id='line_1_27' title="bbox 383 2111 1408 2179; baseline 0.006 -18"><span class='ocrx_word' id='word_1_109' title='bbox 383 2111 580 2161; x_wconf 83' lang='lat' dir='ltr'>Cautus</span> <span class='ocrx_word' id='word_1_110' title='bbox 607 2113 871 2171; x_wconf 84' lang='lat' dir='ltr'>horresciS,</span> <span class='ocrx_word' id='word_1_111' title='bbox 900 2115 1110 2163; x_wconf 91' lang='lat' dir='ltr'>nimium</span> <span class='ocrx_word' id='word_1_112' title='bbox 1134 2120 1408 2179; x_wconf 89' lang='lat' dir='ltr'>premendo</span> 
     </span>
     <span class='ocr_line' id='line_1_28' title="bbox 648 2179 1077 2243; baseline 0.007 -18"><span class='ocrx_word' id='word_1_113' title='bbox 648 2179 798 2227; x_wconf 90' lang='lat' dir='ltr'>Litus</span> <span class='ocrx_word' id='word_1_114' title='bbox 834 2179 1077 2243; x_wconf 91' lang='lat' dir='ltr'>iniquum.</span> 
     </span>
     <span class='ocr_line' id='line_1_29' title="bbox 378 2244 1708 2308; baseline 0.006 -16"><span class='ocrx_word' id='word_1_115' title='bbox 378 2244 603 2292; x_wconf 89' lang='lat' dir='ltr'>Auream</span> <span class='ocrx_word' id='word_1_116' title='bbox 638 2246 868 2308; x_wconf 90' lang='lat' dir='ltr'>quisquis</span> <span class='ocrx_word' id='word_1_117' title='bbox 903 2248 1306 2297; x_wconf 90' lang='lat' dir='ltr'>mediocritatem</span> <span class='ocrx_word' id='word_1_118' title='bbox 1678 2259 1708 2306; x_wconf 85' lang='lat'>5</span> 
     </span>
     <span class='ocr_line' id='line_1_30' title="bbox 381 2310 1190 2373; baseline 0.006 -15"><span class='ocrx_word' id='word_1_119' title='bbox 381 2310 582 2373; x_wconf 87' lang='lat' dir='ltr'>Diligit,</span> <span class='ocrx_word' id='word_1_120' title='bbox 622 2317 765 2359; x_wconf 91' lang='lat' dir='ltr'>tutus</span> <span class='ocrx_word' id='word_1_121' title='bbox 804 2319 943 2361; x_wconf 89' lang='lat' dir='ltr'>caret</span> <span class='ocrx_word' id='word_1_122' title='bbox 978 2315 1190 2363; x_wconf 87' lang='lat' dir='ltr'>obsoleti</span> 
     </span>
     <span class='ocr_line' id='line_1_31' title="bbox 379 2377 1287 2437; baseline 0.003 -10"><span class='ocrx_word' id='word_1_123' title='bbox 379 2377 627 2427; x_wconf 89' lang='lat' dir='ltr'>Sordibus</span> <span class='ocrx_word' id='word_1_124' title='bbox 661 2380 796 2437; x_wconf 90' lang='lat' dir='ltr'>tecti,</span> <span class='ocrx_word' id='word_1_125' title='bbox 839 2386 976 2428; x_wconf 90' lang='lat' dir='ltr'>caret</span> <span class='ocrx_word' id='word_1_126' title='bbox 1012 2382 1287 2430; x_wconf 87' lang='lat' dir='ltr'>invidenda</span> 
     </span>
     <span class='ocr_line' id='line_1_32' title="bbox 649 2445 1027 2496; baseline 0.008 -3"><span class='ocrx_word' id='word_1_127' title='bbox 649 2445 859 2494; x_wconf 85' lang='lat' dir='ltr'>Sobrius</span> <span class='ocrx_word' id='word_1_128' title='bbox 899 2449 1027 2496; x_wconf 87' lang='lat' dir='ltr'>aula.</span> 
     </span>
     <span class='ocr_line' id='line_1_33' title="bbox 378 2510 1278 2578; baseline 0.006 -19"><span class='ocrx_word' id='word_1_129' title='bbox 378 2510 591 2574; x_wconf 83' lang='lat' dir='ltr'>Saepius</span> <span class='ocrx_word' id='word_1_130' title='bbox 629 2514 795 2560; x_wconf 87' lang='lat' dir='ltr'>ventis</span> <span class='ocrx_word' id='word_1_131' title='bbox 839 2515 1062 2576; x_wconf 85' lang='lat' dir='ltr'>agitatur</span> <span class='ocrx_word' id='word_1_132' title='bbox 1097 2515 1278 2578; x_wconf 86' lang='lat' dir='ltr'>ingens</span> 
     </span>
     <span class='ocr_line' id='line_1_34' title="bbox 375 2578 1707 2642; baseline 0.008 -16"><span class='ocrx_word' id='word_1_133' title='bbox 375 2578 550 2637; x_wconf 89' lang='lat' dir='ltr'>Pinus,</span> <span class='ocrx_word' id='word_1_134' title='bbox 588 2585 640 2627; x_wconf 91' lang='lat' dir='ltr'>et</span> <span class='ocrx_word' id='word_1_135' title='bbox 675 2580 836 2628; x_wconf 87' lang='lat' dir='ltr'>celsae</span> <span class='ocrx_word' id='word_1_136' title='bbox 877 2583 1109 2642; x_wconf 85' lang='lat' dir='ltr'>graviore</span> <span class='ocrx_word' id='word_1_137' title='bbox 1146 2598 1267 2631; x_wconf 89' lang='lat' dir='ltr'>casu</span> <span class='ocrx_word' id='word_1_138' title='bbox 1648 2592 1707 2638; x_wconf 92' lang='lat'>10</span> 
     </span>
     <span class='ocr_line' id='line_1_35' title="bbox 375 2645 1400 2711; baseline 0.005 -19"><span class='ocrx_word' id='word_1_139' title='bbox 375 2645 632 2693; x_wconf 92' lang='lat' dir='ltr'>Decidunt</span> <span class='ocrx_word' id='word_1_140' title='bbox 656 2651 835 2705; x_wconf 88' lang='lat' dir='ltr'>turres,</span> <span class='ocrx_word' id='word_1_141' title='bbox 866 2649 1148 2711; x_wconf 88' lang='lat' dir='ltr'>feriuntque</span> <span class='ocrx_word' id='word_1_142' title='bbox 1174 2664 1400 2697; x_wconf 89' lang='lat' dir='ltr'>summos</span> 
     </span>
     <span class='ocr_line' id='line_1_36' title="bbox 641 2713 1117 2775; baseline 0.011 -16"><span class='ocrx_word' id='word_1_143' title='bbox 641 2713 870 2775; x_wconf 85' lang='lat' dir='ltr'>Fulgura</span> <span class='ocrx_word' id='word_1_144' title='bbox 906 2720 1117 2764; x_wconf 90' lang='lat' dir='ltr'>montes.</span> 
     </span>
    </p>
   </div>
   <div class='ocr_carea' id='block_1_5' title="bbox 221 2828 1670 2931">
    <p class='ocr_par' dir='ltr' id='par_1_5' title="bbox 221 2828 1670 2931">
     <span class='ocr_line' id='line_1_37' title="bbox 221 2828 1670 2884; baseline 0.005 -18"><span class='ocrx_word' id='word_1_145' title='bbox 221 2829 244 2866; x_wconf 87' lang='grc'><strong>3</strong></span> <span class='ocrx_word' id='word_1_146' title='bbox 263 2831 427 2866; x_wconf 83' lang='lat' dir='ltr'>versant</span> <span class='ocrx_word' id='word_1_147' title='bbox 505 2828 527 2867; x_wconf 79' lang='lat'>&#39;7</span> <span class='ocrx_word' id='word_1_148' title='bbox 545 2832 766 2878; x_wconf 73' lang='lat' dir='ltr'>querquetu.</span> <span class='ocrx_word' id='word_1_149' title='bbox 843 2831 890 2866; x_wconf 89' lang='lat'>12</span> <span class='ocrx_word' id='word_1_150' title='bbox 909 2832 1050 2880; x_wconf 88' lang='lat' dir='ltr'>rapido</span> <span class='ocrx_word' id='word_1_151' title='bbox 1128 2833 1175 2869; x_wconf 88' lang='lat'>12</span> <span class='ocrx_word' id='word_1_152' title='bbox 1195 2835 1277 2870; x_wconf 85' lang='lat' dir='ltr'>sole</span> <span class='ocrx_word' id='word_1_153' title='bbox 1354 2835 1401 2871; x_wconf 90' lang='lat'>18</span> <span class='ocrx_word' id='word_1_154' title='bbox 1419 2836 1670 2884; x_wconf 84' lang='lat' dir='ltr'>querelarum</span> 
     </span>
     <span class='ocr_line' id='line_1_38' title="bbox 300 2880 1576 2931; baseline 0.005 -16"><span class='ocrx_word' id='word_1_155' title='bbox 300 2880 348 2915; x_wconf 86' lang='lat'>22</span> <span class='ocrx_word' id='word_1_156' title='bbox 368 2882 534 2925; x_wconf 85' lang='lat' dir='ltr'>vertere,</span> <span class='ocrx_word' id='word_1_157' title='bbox 553 2880 691 2915; x_wconf 88' lang='lat' dir='ltr'>tollere</span> <span class='ocrx_word' id='word_1_158' title='bbox 791 2880 839 2916; x_wconf 88' lang='grc'>22</span> <span class='ocrx_word' id='word_1_159' title='bbox 858 2882 1028 2918; x_wconf 84' lang='lat' dir='ltr'>vortices</span> <span class='ocrx_word' id='word_1_160' title='bbox 1129 2884 1151 2919; x_wconf 88' lang='lat'><strong>6</strong></span> <span class='ocrx_word' id='word_1_161' title='bbox 1171 2884 1306 2931; x_wconf 86' lang='lat' dir='ltr'>diligit</span> <span class='ocrx_word' id='word_1_162' title='bbox 1322 2887 1446 2931; x_wconf 83' lang='lat' dir='ltr'>tutus,</span> <span class='ocrx_word' id='word_1_163' title='bbox 1465 2885 1576 2923; x_wconf 78' lang='lat' dir='ltr'>Bent.</span> 
     </span>
    </p>
   </div>
   <div class='ocr_carea' id='block_1_6' title="bbox 134 2911 1287 2972">
    <p class='ocr_par' dir='ltr' id='par_1_6' title="bbox 134 2911 1287 2972">
     <span class='ocr_line' id='line_1_39' title="bbox 134 2911 1287 2972; baseline 0.009 -12"><span class='ocrx_word' id='word_1_164' title='bbox 134 2928 140 2933; x_wconf 82' lang='lat'><em>‘</em></span> <span class='ocrx_word' id='word_1_165' title='bbox 171 2911 177 2916; x_wconf 14' lang='grc' dir='ltr'>κ</span> <span class='ocrx_word' id='word_1_166' title='bbox 212 2932 257 2972; x_wconf 42' lang='grc' dir='ltr'>χ</span> <span class='ocrx_word' id='word_1_167' title='bbox 596 2930 617 2965; x_wconf 88' lang='grc'>9</span> <span class='ocrx_word' id='word_1_168' title='bbox 638 2929 796 2966; x_wconf 83' lang='lat' dir='ltr'>saevius</span> <span class='ocrx_word' id='word_1_169' title='bbox 1050 2932 1097 2968; x_wconf 86' lang='lat'>12</span> <span class='ocrx_word' id='word_1_170' title='bbox 1115 2933 1287 2970; x_wconf 83' lang='lat' dir='ltr'>fulmina</span> 
     </span>
    </p>
   </div>
   <div class='ocr_carea' id='block_1_7' title="bbox 227 3007 330 3054">
    <p class='ocr_par' dir='ltr' id='par_1_7' title="bbox 227 3007 330 3054">
     <span class='ocr_line' id='line_1_40' title="bbox 227 3007 330 3054; baseline 0.01 -15"><span class='ocrx_word' id='word_1_171' title='bbox 227 3038 243 3054; x_wconf 46' lang='grc' dir='ltr'>ἱ</span> <span class='ocrx_word' id='word_1_172' title='bbox 266 3007 330 3040; x_wconf 41' lang='grc' dir='ltr'>ΚΧ</span> 
     </span>
    </p>
   </div>
  </div>
 </body>
</html>
