1878 3054
190 155 262 208 26

652 163 893 203 HORA'I'I
936 163 1283 203 CARMINVM
1720 182 1728 208 ἱ

392 299 556 360 Quem
594 296 784 345 deum?
856 297 1015 358 CuJus
1051 295 1242 343 recinet
1268 296 1444 356 jocosa
1532 303 1587 351 ’,χ-

592 364 794 411 Nomen
831 364 1018 424 imago,
1472 359 1505 392 “³

394 431 506 481 Aut
542 431 594 478 in
630 430 882 477 umbrosis
922 429 1185 477 Heliconis
1221 429 1337 487 oris,
1694 434 1723 481 5

399 500 508 546 Aut
533 512 684 560 super
711 497 894 554 Pindo,
922 496 1154 558 gelidove
1180 496 1233 548 in
1257 492 1494 542 Haemo?

395 564 546 611 Unde
586 565 810 611 vocalem
847 569 1035 610 temere
1071 563 1328 609 insecutae

596 631 801 693 Orphea
837 631 1013 688 silvae,

394 698 524 747 Arte
540 699 790 744 “materna
828 697 1034 760 rapidos
1070 700 1351 743 morantem

398 765 692 812 Fluminum
728 765 902 827 lapsus
938 764 1222 825 celeresque
1258 768 1452 820 ventos,
1670 763 1728 811 10

396 832 651 879 Blandum
686 836 739 878 et
774 832 968 878 auritas
1005 831 1187 877 fidibus
1221 829 1420 876 canoris

596 898 788 945 Ducere
824 913 1051 959 quercus.

388 965 524 1026 Quid
558 965 696 1027 prius
734 966 898 1011 dicam
934 964 1096 1011 solitis
1131 963 1360 1026 parentis

398 1032 677 1090 Laudibus,
704 1032 791 1094 qui
818 1046 897 1078 res
924 1031 1185 1078 hominum
1212 1046 1271 1077 ac
1295 1030 1518 1087 deorum,

401 1099 501 1159 Qui
527 1113 663 1145 mare
690 1114 747 1145 ac
771 1103 934 1146 terras
959 1098 1218 1160 variisque
1242 1097 1485 1143 mundum
1674 1098 1730 1143 15

600 1165 875 1227 Temperat
911 1163 1085 1212 horis?

400 1231 550 1279 Unde
587 1232 658 1278 nil
695 1234 856 1293 majus
891 1237 1162 1293 generatur
1196 1231 1321 1292 ipso,

403 1298 512 1345 Nec
536 1299 678 1360 viget
703 1300 973 1360 quicquam
999 1299 1164 1345 simile
1190 1302 1279 1344 aut
1302 1295 1612 1345 secundum:

405 1365 676 1412 Proximos
713 1366 786 1411 illi
824 1372 994 1412 tamen
1031 1364 1300 1427 occupavit

603 1432 775 1478 Pallas
813 1432 1041 1479 honores.
1673 1431 1735 1476 20

405 1498 618 1545 Proeliis
653 1500 838 1556 audax,
876 1515 1036 1560 neque
1072 1503 1122 1546 te
1157 1498 1333 1556 silebo,

401 1565 570 1622 Liber,
607 1570 660 1611 et
696 1566 865 1612 saevis
903 1565 1106 1612 inimica
1142 1565 1306 1626 Virgo

404 1631 593 1689 Beluis,
631 1647 721 1679 nec
758 1638 823 1690 te,
862 1633 1128 1679 metuende
1164 1636 1304 1678 certa

602 1698 806 1746 Phoebe
842 1699 1047 1761 sagitta.

401 1765 583 1812 Dicam
619 1770 670 1812 et
707 1766 922 1812 Alciden
958 1781 1238 1828 puerosque
1277 1766 1464 1823 Ledae,
1568 1766 1571 1779 ³
1676 1763 1738 1810 25

405 1831 557 1878 Hunc
593 1833 749 1893 equis,
789 1832 930 1878 illum
967 1846 1202 1894 superare
1236 1832 1424 1895 pugnis

402 1897 668 1959 Nobilem3
702 1914 917 1960 quorum
954 1899 1102 1945 simul
1139 1899 1256 1946 alba
1289 1898 1459 1945 nautis

351 1996 353 1999 -
403 2005 405 2008 Α
431 1967 466 2009 Α
498 1990 556 2021 7.
558 1964 762 2025 Stella
797 1965 1009 2023 refulsit,
1159 1970 1298 2007 ὀἳ
1298 1994 1346 2001 κ-

403 2030 597 2077 Defluit
632 2032 783 2088 saxis
786 2033 1031 2092 agitatus
1068 2032 1263 2089 humor,

404 2089 691 2144 Conciduut
726 2071 866 2144 venti
902 2099 1203 2160 fugiuntque
1241 2097 1418 2153 nubes,
1676 2097 1738 2143 30

402 2163 472 2210 Et
505 2163 678 2210 minax
714 2165 874 2226 (quod
911 2164 982 2211 sic
1018 2164 1440 2267 voluere)Jonto
1479 2175 1567 2208 *vr-¹³

603 2230 758 2277 Unda
793 2231 1143 2278 Γθουωὴὶῐ.0’<
1163 2241 1190 2266 ι

401 2296 678 2343 Romulum
705 2302 822 2359 post
847 2297 940 2344 hos
964 2298 1120 2360 prius,
1148 2313 1211 2345 an
1238 2297 1463 2359 quietum

405 2362 626 2424 Pompili
650 2378 861 2425 regnum
888 2379 1174 2422 memorem,
1201 2379 1268 2411 an
1291 2364 1535 2439 superbos

402 2428 646 2491 Tarquini
669 2431 846 2487 fasces,
875 2431 1067 2490 dubito,
1093 2446 1160 2478 au
1187 2431 1400 2496 Catonis
1431 2454 1483 2466 «ν
1485 2420 1531 2458 “·
1622 2428 1737 2478 235

603 2495 785 2544 Nobile
821 2496 1062 2551 letumssx„
1275 2504 1326 2527 Μ
1365 2531 1367 2534 -
1409 2510 1413 2520 ‘
1461 2503 1470 2515 ³
1601 2486 1627 2519 ‘⁴'
1667 2504 1675 2510 ”

402 2561 675 2622 Regulum,
703 2568 755 2610 et
781 2563 1012 2622 Scauros,
1041 2564 1335 2626 animaeque
1361 2578 1578 2625 magnae

400 2627 681 2730 Prodigum
718 2630 948 2688 Paulum,
987 2635 1257 2691 superante
1296 2630 1484 2709 Poeno,

252 2809 275 2846 3
296 2808 449 2853 recinit,
468 2809 614 2846 retinet
694 2811 740 2846 19
762 2810 972 2860 occupabit
1048 2811 1095 2847 23
1116 2811 1258 2847 belluis
1329 2811 1376 2846 28
1398 2811 1531 2847 sidera
1548 2810 1706 2857 fulgent

403 2859 450 2894 31
470 2860 566 2908 quia
584 2861 653 2906 sic,
674 2872 766 2896 nam
786 2861 854 2906 sic,
875 2862 916 2896 di
937 2861 992 2897 sic
1232 2862 1279 2897 38
1301 2861 1484 2897 Paullum
