1878 3054
599 171 615 175 -r
696 147 820 186 mn.
859 147 956 186 111.
998 135 1044 193 6,
1075 134 1106 187 7
1624 131 1698 185 73

841 351 968 400 VII.

251 460 389 524 Quid
415 458 518 519 fles,
546 458 768 517 Asterie,
796 473 947 521 quem
972 457 1069 505 tibi
1095 456 1300 504 candidi

250 529 427 576 Primo
452 527 727 574 restituent
751 540 869 573 vere
898 524 1119 572 Favonii

388 593 577 657 Thyna
602 607 767 640 merce
794 593 1015 651 beatum,

453 660 756 711 Constantis
775 661 1020 722 juvenem
1046 659 1177 718 fidei,

250 727 476 794 Gygen?
547 728 657 786 Ille,
686 727 843 776 Notis
871 732 1016 775 actus
1042 728 1106 775 ad
1134 726 1341 775 Oricum
1661 728 1688 775 5

248 799 380 847 Post
402 797 587 844 insana
615 795 816 858 Caprae
845 796 1030 853 sidera,
1058 794 1275 857 frigidas

382 863 579 913 Noctes
605 879 707 911 non
737 863 845 911 sine
872 863 1050 910 multis

447 932 706 980 Insomnis
735 931 960 978 lacrimis
987 931 1109 993 agit.

247 999 414 1063 Atqui
434 999 683 1047 sollicitae
713 1000 927 1046 nuntius
953 998 1206 1060 hospitae,

249 1066 519 1132 Suspirare
547 1066 743 1116 Chloen
770 1071 822 1114 et
846 1067 1084 1114 miseram
1107 1065 1213 1114 tuis
1628 1065 1687 1113 10

384 1134 574 1183 Dicens
600 1134 814 1197 ignibus
840 1134 934 1192 uri,

452 1201 695 1264 Temptat
721 1202 860 1250 mille
888 1201 1028 1249 vafer
1052 1201 1234 1250 modis,

249 1268 327 1318 Ut
353 1269 600 1318 Proetum
625 1269 808 1317 mulier
832 1269 1025 1333 perfida
1050 1269 1313 1317 credulum

249 1336 422 1386 Falsis
447 1337 706 1401 impulerit
732 1337 1047 1397 criminibus,
1074 1337 1229 1384 nimis

387 1405 546 1455 Casto
572 1404 959 1468 Bellerophonti
1207 1425 1210 1428 ·
1546 1456 1552 1461 ,
1628 1405 1687 1452 15

455 1472 721 1521 Maturare
747 1488 938 1532 necem,
965 1472 1150 1534 refert;

250 1538 443 1589 Narrat
465 1555 627 1604 paene
654 1541 837 1588 datum
865 1540 1022 1588 Pelea
1047 1541 1282 1600 TartarO,

251 1606 588 1671 Magnessam
615 1608 946 1672 Hippolyten
971 1608 1092 1656 dum
1118 1607 1254 1670 fugit
1278 1607 1540 1656 abstinens
1561 1625 1574 1670 ;

386 1675 457 1723 Et
480 1691 689 1739 peccare
717 1677 959 1724 docentes

453 1743 638 1791 Fallax
665 1743 912 1791 historias
937 1748 1140 1804 movet3
1623 1742 1684 1788 20

251 1807 500 1859 Frustra:
539 1826 659 1859 nam
687 1811 913 1873 scopulis
939 1811 1140 1858 surdior
1165 1810 1301 1859 Icari

249 1876 420 1926 Voces
446 1879 593 1927 audit
618 1878 788 1927 adhuc
813 1878 1024 1942 integer.
1100 1878 1176 1927 At
1200 1877 1297 1927 tibi

386 1945 466 1994 Ne
492 1946 692 1994 vicinus
720 1946 952 2009 Enipeus

454 2013 581 2062 Plus
596 2015 743 2076 justo
768 2014 970 2077 placeat
995 2029 1147 2076 cave3

251 2080 500 2143 Quamvis
527 2097 629 2130 non
655 2082 788 2130 alius
815 2081 1012 2130 flectere
1038 2097 1226 2145 equum
1251 2081 1419 2130 sciens
1622 2081 1683 2128 25

249 2147 432 2212 Aeque
458 2149 771 2212 conspicitur
797 2150 1028 2212 gramine
1056 2149 1267 2210 Martio,

384 2215 494 2264 Nec
520 2217 794 2280 quisquam
817 2217 950 2266 citus
976 2232 1133 2280 aeque

453 2283 619 2332 Tusco
646 2285 862 2333 denatat
888 2285 1048 2333 alveo.

252 2347 427 2398 Prima
451 2357 598 2400 nocte
625 2352 834 2400 domum
860 2352 1052 2412 claude,
1079 2368 1243 2415 neque
1267 2352 1322 2399 in
1346 2352 1461 2400 vias

252 2415 361 2466 Sub
386 2424 539 2467 cantu
566 2420 808 2482 querulae
834 2420 1035 2484 despice
1060 2420 1232 2479 tibiae,
1616 2418 1677 2465 30

384 2485 456 2534 Et
481 2491 530 2534 te
558 2501 709 2550 saepe
736 2488 940 2536 vocanti

452 2552 651 2602 Duram
676 2554 893 2603 difficilis
917 2570 1081 2604 mane.

290 2695 317 2732 4
334 2696 412 2733 fide
542 2697 588 2734 12
609 2700 740 2734 tentat
869 2698 917 2734 14
936 2698 1176 2748 compulerit
1304 2698 1353 2733 20
1375 2700 1511 2733 monet
