1878 3054
0 215 27 240 -,
723 195 846 235 121ss.
887 196 928 234 1.
971 183 1006 235 5
1551 182 1657 236 145

83 331 300 382 Postera
323 329 413 378 lux
438 329 601 377 oritur
623 328 788 376 multo
813 329 1107 391 gratissima
1127 346 1139 390 ;
1176 344 1396 391 namque

83 398 283 449 Plotius
306 401 361 445 et
386 396 577 444 Varius
605 395 879 444 Sinuessae
907 396 1269 459 Vergiliusque
1587 400 1650 446 40

82 465 383 523 Occurrunt,
413 464 627 522 animae,
655 463 832 526 quales
861 479 1024 526 neque
1050 464 1368 512 candidiores

83 534 241 583 Terra
262 531 398 591 tulit,
426 546 589 594 neque
617 532 731 594 quis
757 547 837 579 me
863 531 932 579 sit
956 531 1242 579 devinctior
1267 532 1408 581 alter.

83 601 130 652 0
153 601 242 665 qui
266 599 560 663 complexus
586 603 639 646 et
667 599 861 661 gaudia
890 604 1086 662 quanta
1111 599 1346 649 fuerunt!

83 668 172 718 Nil
194 683 292 731 ego
317 666 619 715 contulerim
650 667 882 729 jucundo
910 682 1069 714 sanus
1096 667 1272 715 amicO.

84 734 322 785 Proxima
348 734 612 798 Campano
639 735 787 797 ponti
815 750 944 797 quae
971 735 1166 794 villula,
1193 739 1386 783 tectum
1585 737 1646 784 45

83 803 341 860 Praebuit,
367 807 421 850 et
442 802 670 866 parochi,
702 818 832 866 quae
862 803 1061 862 debent,
1089 803 1233 865 ligna
1260 802 1536 866 salemque.

84 870 220 920 Hinc
243 870 367 918 muli
394 869 602 932 Capuae
630 870 853 918 clitellas
880 875 1108 934 tempore
1133 876 1343 934 ponunt.

83 938 279 988 Lusum
303 938 346 986 it
370 937 662 997 Maecenas,
692 938 973 986 dormitum
998 954 1094 1001 ego
1121 938 1486 1001 Vergiliusque
1507 955 1520 999 ;

82 1005 316 1069 Namque
338 1005 444 1069 pila
467 1005 625 1069 lippis
653 1006 922 1054 inimicum
948 1011 1002 1054 et
1025 1007 1198 1054 ludere
1223 1007 1406 1054 crudis.

83 1073 219 1122 Hinc
243 1088 337 1122 nos
364 1073 567 1122 Cocceii
595 1074 778 1138 recipit
805 1074 1108 1137 plenissima
1132 1074 1273 1133 villa,
1585 1075 1648 1120 50

82 1140 224 1203 Quae
249 1155 401 1204 super
423 1146 505 1189 est
531 1140 701 1190 Caudi
731 1157 1004 1206 cauponas.
1077 1141 1126 1189 N
1131 1157 1227 1190 unc
1252 1141 1379 1189 mihi
1402 1142 1582 1205 paucis

81 1207 336 1257 Sarmenti
361 1223 565 1257 scurrae
591 1225 826 1273 pugnam
854 1209 1117 1272 Messique
1145 1209 1337 1269 Cicirri,

79 1274 245 1335 Musa,
273 1276 428 1324 velim
454 1291 720 1336 memoreS,
751 1282 804 1325 et
831 1293 932 1340 quo
958 1284 1103 1340 patre
1127 1283 1280 1325 natus
1305 1282 1519 1341 uterque

82 1341 368 1392 Contulerit
392 1344 523 1392 lites.
600 1344 764 1393 Messi
794 1345 987 1393 clarum
1012 1360 1174 1408 genus
1202 1345 1352 1407 Osci3

82 1409 336 1459 Sarmenti
360 1411 571 1460 domina
595 1417 797 1461 exstat:
838 1413 902 1461 ab
928 1412 1009 1460 his
1034 1412 1311 1475 majoribus
1337 1412 1434 1460 orti
1579 1412 1643 1459 55

80 1477 167 1527 Ad
189 1494 419 1542 pugnam
445 1495 642 1528 venere.
721 1480 871 1528 Prior
900 1480 1229 1528 Sarmentus:
1270 1485 1298 1505 “
1317 1480 1453 1543 Equi
1478 1483 1529 1527 te

81 1543 209 1594 Esse
233 1546 325 1594 seri
351 1546 570 1595 similem
597 1548 765 1597 dico,''
839 1548 1106 1607 RidemuS,
1133 1552 1186 1596 et
1209 1548 1320 1611 ipse

19 1651 25 1653 >
78 1610 302 1662 Messius
328 1619 356 1639 ‘⁴
376 1615 642 1678 Accipio,''
668 1620 826 1678 caput
851 1621 904 1664 et
928 1621 1115 1664 movet.
1190 1620 1217 1640 ‘⁴
1240 1614 1300 1674 O,
1327 1620 1419 1663 tua
1442 1630 1599 1663 cornu

78 1678 131 1729 N
133 1680 149 1728 i
174 1681 303 1730 soret
325 1687 530 1731 exsecto
557 1683 750 1742 frons,''
777 1683 961 1747 inquit,
990 1688 1016 1708 ‘⁴
1033 1683 1158 1747 quid
1183 1683 1389 1741 faceres,
1416 1698 1533 1731 cum

80 1745 165 1796 Sic
186 1749 399 1797 mutilus
422 1749 676 1798 miniteris
694 1749 715 1798 ⁴?
731 1753 760 1777 ”
833 1753 908 1798 At
934 1750 1006 1798 illi
1033 1751 1183 1798 foeda
1207 1751 1419 1798 cicatrix
1579 1749 1641 1795 60

81 1813 315 1864 Setosam
338 1816 474 1865 laevi
498 1817 719 1866 frontem
747 1823 1051 1881 turpaverat
1076 1819 1191 1866 oris

80 1881 397 1946 Campanum
419 1884 473 1932 in
499 1885 749 1943 morbum,
781 1886 833 1933 in
862 1886 1042 1933 faciem
1066 1886 1321 1948 permulta
1347 1887 1568 1949 JocatuS,

80 1948 347 1999 Pastorem
373 1951 586 2000 saltaret
612 1953 688 2000 uti
718 1953 952 2017 Cyclopa
976 1954 1222 2016 rogabat;

78 2014 165 2066 Nil
189 2017 264 2066 illi
288 2018 433 2067 larva
457 2025 549 2067 aut
574 2021 787 2083 tragicis
816 2035 945 2084 opus
968 2036 1081 2069 esse
1108 2021 1382 2069 cothurnis,

80 2082 248 2134 Multa
274 2085 498 2136 Cicirrus
524 2088 590 2136 ad
619 2088 775 2137 haec:
818 2089 1078 2137 Donasset
1093 2090 1267 2151 Jamne
1293 2094 1529 2137 catenam
1575 2086 1636 2132 65

79 2150 160 2200 Ex
182 2159 303 2202 voto
328 2153 565 2214 LaribuS,
595 2157 908 2218 quaerebat3
946 2157 1113 2205 scriba
1137 2157 1274 2220 quod
1298 2161 1450 2215 esset,

79 2216 199 2268 Nilo
221 2220 445 2270 deterius
471 2222 708 2271 dominae
743 2226 830 2286 jus
854 2239 996 2273 esse:
1034 2225 1250 2287 rogabat

80 2284 325 2352 Denique,
351 2303 441 2337 cur
467 2305 713 2354 umquam
745 2292 976 2355 fugisset,
1004 2292 1084 2340 cui
1111 2292 1238 2339 satis
1263 2306 1366 2339 una

81 2350 252 2405 Farris
274 2355 405 2404 libra
429 2357 573 2417 foret,
604 2359 782 2420 gracili
814 2359 885 2407 sic
912 2365 1121 2422 tamque
1145 2359 1346 2423 pusillo.

82 2418 296 2471 Prorsus
323 2423 548 2485 Jucunde
576 2441 753 2473 cenam
781 2427 1110 2489 producimus
1135 2427 1288 2474 illam.
1570 2420 1632 2469 ⁷0

79 2484 354 2538 Tendimus
380 2490 498 2540 hinc
526 2499 663 2540 recta
691 2494 1060 2553 Beneventum,
1089 2494 1174 2541 ubi
1204 2494 1413 2541 sedulus
1440 2492 1628 2554 hospes

81 2551 248 2605 Paene
273 2571 470 2606 macros
499 2561 628 2608 arsit
655 2561 774 2609 dum
804 2562 984 2610 turdos
1011 2567 1183 2609 versat
1209 2561 1261 2607 in
1288 2560 1424 2623 igni3

78 2617 211 2671 Nam
238 2639 371 2687 vaga
395 2641 485 2688 per
514 2635 737 2675 veterem
764 2629 963 2691 dilapso
992 2629 1197 2677 flamma
1222 2629 1444 2676 culinam

79 2684 306 2740 Volcano
332 2707 588 2741 summum
614 2696 917 2759 properabat
941 2696 1162 2744 lambere
1187 2701 1391 2743 tectum.

263 2821 312 2857 40
332 2820 532 2869 Virgilius
635 2824 683 2862 47
704 2823 769 2861 hic
874 2825 920 2861 50
942 2825 1080 2862 Coccei
1185 2825 1232 2860 60
1254 2822 1456 2859 minitaris

130 2867 176 2907 ⁶7
197 2870 320 2916 nullo,
342 2871 483 2919 nihilo,
502 2873 640 2910 ordine
659 2882 804 2910 mutato
820 2875 996 2912 deterius
1017 2875 1145 2911 nihilo
1260 2875 1305 2911 70
1326 2871 1593 2922 produximus

521 2924 568 2961 72
588 2925 689 2960 arsit
708 2936 862 2961 macros
967 2925 1013 2962 73
1034 2926 1199 2974 delapso

249 2968 352 3010 Hor.
377 2972 428 3012 10
