1878 3054
707 164 832 206 mn.
871 165 941 205 11.
983 153 1088 207 ’7-9

311 295 536 346 Curatve
561 296 769 360 myrto?
807 314 958 361 quem
982 299 1162 348 Venus
1188 301 1432 351 arbitrum

309 363 463 412 Dicet
497 363 744 412 bibendi?
815 366 936 414 Non
969 382 1067 429 ego
1104 368 1279 416 sanius

378 431 676 479 Bacchabor
711 432 936 482 Edonis:
974 439 1174 497 recepto

443 498 607 547 Dulce
643 499 775 547 mihi
811 500 977 548 furere
1012 506 1094 549 est
1130 502 1307 552 amico.

812 702 970 752 VIII.

307 809 434 859 Ulla
468 809 514 858 si
539 810 672 873 juris
706 809 803 858 tibi
838 811 1054 874 pejerati

308 878 498 938 Poena,
538 877 743 936 Varine‚
783 879 1045 926 nocuisset
1079 894 1340 943 umquam,

306 945 473 993 Dente
509 945 554 992 si
588 945 736 1007 nigro
773 944 918 993 fieres
957 946 1037 994 vel
1073 961 1175 994 uno

574 1012 791 1075 Turpior
826 1014 1001 1077 ungui,

306 1079 594 1129 Crederem.
671 1079 772 1128 Sed
797 1085 869 1140 tu,
898 1081 1048 1129 simul
1075 1081 1317 1144 obligasti

304 1147 564 1196 Perfidum
600 1148 737 1195 votis
775 1153 941 1211 caput,
979 1149 1218 1196 enitescis

303 1214 573 1263 Pulchrior
597 1215 773 1274 multo,
800 1217 1143 1279 iuvenumque
1169 1217 1345 1280 prodis
1372 1263 1382 1271 ,

572 1283 790 1331 Publica
828 1298 963 1331 cura.

301 1349 527 1413 Expedit
563 1351 743 1398 matris
782 1351 976 1399 cineres
1012 1355 1218 1414 opertos

298 1416 514 1477 Fallere,
550 1423 604 1466 et
638 1423 750 1466 toto
788 1419 1045 1466 taciturna
1081 1420 1247 1466 noctis

299 1483 462 1548 Signa
497 1501 610 1533 cum
650 1486 806 1544 caelo,
846 1486 1116 1554 gelidaque
1154 1487 1303 1534 divos

566 1552 735 1602 Morte
775 1558 1019 1602 carentes.

297 1619 459 1668 Ridet
482 1619 592 1678 hoc,
620 1621 846 1684 inquam,
876 1621 1056 1669 Venus
1081 1621 1208 1683 ipsa,
1235 1621 1403 1670 rident

298 1686 567 1750 Simplices
594 1687 890 1751 Nymphae,
919 1689 1055 1736 ferus
1078 1693 1131 1735 et
1158 1687 1375 1751 Cupido,

299 1753 513 1818 Semper
537 1755 777 1803 ardentes
804 1770 992 1803 acuens
1018 1755 1242 1818 sagittas

567 1822 694 1871 Cote
734 1829 956 1871 cruenta.

298 1887 450 1937 Adde
474 1890 610 1952 quod
635 1890 796 1951 pubes
822 1890 918 1938 tibi
944 1890 1128 1938 crescit
1152 1890 1336 1950 omnis,

297 1954 528 2004 Servitus
553 1957 734 2005 erescit
761 1972 908 2017 nova,
936 1972 1028 2005 nec
1050 1958 1243 2020 priores

295 2022 492 2087 Impiae
518 2029 709 2072 tectum
737 2025 972 2072 dominae
997 2025 1306 2088 relinquunt,

565 2090 728 2154 Saepe
765 2092 958 2141 minati.

296 2155 370 2205 'l'e
394 2157 502 2206 suis
529 2165 718 2207 matres
745 2164 982 2207 metuunt
1009 2157 1262 2221 juvenciS,

297 2223 371 2272 Te
396 2240 543 2273 senes
567 2227 706 2291 parci
733 2227 1047 2290 miseraeque
1074 2241 1238 2289 nuper

294 2290 541 2354 Virgines
567 2299 772 2356 nuptae,
799 2299 891 2342 tua
916 2309 978 2342 ne
1003 2294 1228 2342 retardet

565 2361 711 2410 Aura
747 2362 974 2410 maritos,

835 2562 933 2612 IX.

297 2662 348 2711 N
352 2678 416 2711 on
442 2678 638 2727 semper
662 2666 850 2713 imbres
876 2665 1099 2712 nubibus
1125 2664 1358 2727 hispidos

297 2728 518 2778 Manent
541 2733 594 2779 iu
619 2748 785 2795 agros,
813 2738 903 2780 aut
926 2747 1065 2779 mare
1094 2731 1340 2795 Caspium

451 2871 476 2908 2
495 2871 644 2908 Bar-ine
977 2925 983 2931 ἢ
1069 2871 1115 2907 10
1136 2872 1310 2907 tacitum

1607 161 1676 214 51

1608 303 1670 350 25

1608 1425 1670 1474 10

1607 1762 1669 1810 15

1610 2098 1672 2147 20
