1878 3054
787 125 966 202 13-15
1562 150 1668 203 125

800 344 952 394 XIV.

226 449 402 501 Mollis
423 448 609 498 inertia
635 462 723 496 cur
747 452 948 496 tantam
976 447 1236 496 diffuderit
1261 448 1380 497 imis

294 517 618 567 Oblivionem
657 515 910 573 sensibus,

229 585 423 635 Pocula
448 584 707 632 Lethaeos
734 588 792 631 ut
818 583 862 631 si
889 583 1129 632 ducentia
1154 598 1364 632 somnos

295 654 488 702 Arente
525 652 667 699 fauce
705 651 962 710 traxerim,

229 719 456 772 Candide
482 719 774 778 MaecenaS,
802 719 989 767 occidis
1016 734 1168 782 saepe
1193 719 1450 782 rogando:
1634 720 1664 768 5

295 787 452 845 Deus,
490 787 616 835 deus
654 801 775 834 nam
811 802 892 834 me
929 791 1071 835 vetat

228 853 482 918 Inceptos,
510 854 632 902 olim
658 854 966 916 promissum
994 869 1214 915 carmen,
1241 855 1442 904 iambos

295 923 383 972 Ad
418 922 712 970 umbilicum
751 922 1011 970 adducere.

228 988 349 1039 Non
373 989 520 1037 aliter
545 989 719 1038 Samio
746 990 923 1039 dicunt
949 990 1135 1037 arsisse
1161 989 1407 1054 Bathyllo

296 1057 625 1105 Anacreonta
662 1057 855 1116 Teium,
1422 1068 1425 1069 ’
1575 1083 1579 1087 -
1607 1057 1668 1103 10

231 1123 332 1186 Qui
355 1139 595 1188 persaepe
621 1139 750 1172 cava
772 1124 1030 1173 testudine
1058 1124 1199 1174 flevit
1224 1140 1448 1174 amorem

294 1190 413 1240 Non
446 1192 764 1240 elaboratum
800 1193 864 1240 ad
901 1193 1096 1254 pedem.

231 1257 409 1308 Uteris
432 1259 541 1323 ipse
567 1259 747 1307 miser:
786 1260 922 1323 quod
948 1261 991 1307 si
1016 1276 1118 1308 non
1143 1260 1402 1324 pulchrior
1424 1260 1564 1324 ignis

297 1326 549 1375 Accendit
585 1328 849 1375 obsessam
887 1328 1036 1386 Ilion,

231 1391 411 1444 Gaude
435 1399 572 1443 sorte
598 1399 720 1456 tua;
757 1410 838 1442 me
865 1395 1106 1443 libertina
1130 1411 1292 1460 neque
1318 1411 1420 1444 uno
1606 1391 1666 1438 15

297 1459 555 1521 Contenta
592 1462 805 1526 Phryne
843 1468 1078 1512 macerat.

816 1638 939 1687 XV.

228 1738 347 1790 Nox
369 1746 480 1791 erat
502 1746 556 1791 et
580 1742 720 1791 caelo
746 1741 978 1805 fulgebat
1002 1742 1125 1791 luna
1150 1757 1328 1792 sereno

294 1808 437 1858 Inter
470 1810 670 1858 minora
706 1810 888 1870 sidera,
953 1815 955 1818 ‘

229 1874 360 1926 Cum
384 1882 457 1935 tu,
483 1892 786 1940 magnorum
812 1893 999 1926 numen
1023 1877 1227 1926 laesura
1250 1878 1476 1937 deorum,

292 1942 357 1991 In
391 1945 549 1993 verba
577 1945 790 2007 jurabas
826 1961 953 2005 mea,

226 2008 409 2060 Artius
434 2017 586 2076 atque
614 2012 800 2061 hedera
825 2027 1036 2075 procera
1061 2012 1400 2076 adstringitur
1424 2012 1538 2073 ilex,
1637 2014 1665 2061 5

293 2076 473 2127 Lentis
508 2080 790 2129 adhaerens
825 2080 1090 2140 bracchiiS,

195 2144 209 2169 ⁸
224 2142 360 2193 Dum
383 2148 552 2210 pecori
578 2148 729 2212 lupus
753 2153 805 2196 et
829 2149 1001 2196 nautis
1027 2148 1244 2196 infestus
1272 2147 1433 2197 Orion

293 2211 543 2263 Turbaret
579 2214 844 2264 hibernum
884 2231 1037 2275 mare,

226 2276 565 2346 Intonsosque
593 2284 814 2345 agitaret
840 2283 1100 2347 Apollinis
1127 2297 1258 2331 aura
1278 2283 1505 2347 capillos,

293 2345 423 2396 Fore
459 2348 592 2398 hunc
630 2366 853 2398 amorem
892 2353 1159 2398 mutuum.'
1610 2350 1670 2395 10

226 2411 273 2463 0
297 2414 517 2465 dolitura
543 2433 658 2466 mea
683 2419 899 2466 multum
927 2419 1116 2465 virtute
1145 2416 1375 2466 Neaera!

291 2478 426 2530 Nam
452 2484 494 2531 si
521 2486 642 2547 quid
670 2486 719 2533 in
749 2486 932 2533 Flacco
960 2485 1052 2533 viri
1078 2491 1171 2544 est,

224 2545 344 2596 Non
369 2550 495 2599 feret
520 2553 754 2600 assiduas
780 2553 963 2615 potiori
991 2558 1041 2600 te
1069 2552 1190 2600 dare
1217 2556 1408 2611 noctes,

292 2613 361 2663 Et
396 2625 605 2680 quaeret
641 2620 803 2667 iratus
838 2634 1027 2683 parem,

224 2678 332 2746 Nec
356 2686 508 2733 semel
536 2687 756 2735 offensae
783 2688 928 2734 cedet
952 2685 1246 2734 constantia
1271 2686 1475 2743 formae,
1616 2682 1675 2729 15

291 2747 346 2797 Si
382 2758 550 2800 certus
588 2754 790 2801 intrarit
825 2754 981 2802 dolor.

192 2873 216 2913 8
234 2875 307 2923 nti,
326 2878 451 2918 veluti
506 2882 527 2919 6
547 2882 628 2919 iam
683 2883 729 2920 13
749 2883 800 2919 do
821 2882 929 2934 quod
949 2894 1028 2920 non
1084 2883 1106 2920 8
1126 2882 1300 2920 turbarit
1352 2882 1374 2917 9
1395 2881 1563 2928 agitarit
