1846 3034
173 157 281 211 228
593 170 832 208 HORA'H
874 169 1324 211 EPISTVLARVM

174 303 426 351 Boeotum
450 303 502 350 in
527 317 697 350 crasso
715 304 913 364 jurares
939 308 1049 349 ae're
1076 306 1266 349 natum.

175 372 250 419 At
274 387 435 433 neque
463 371 767 418 dedecorant
790 376 878 416 tua
903 370 963 416 de
991 385 1044 416 se
1062 370 1256 430 Judicia
1283 372 1433 430 atque
1638 373 1730 418 245

174 438 404 495 Munera,
432 454 558 499 quae
586 437 746 483 multa
771 437 941 483 dantis
967 452 1079 483 cum
1106 436 1254 483 laude
1280 436 1505 483 tulerunt

175 505 363 552 Dilecti
387 505 479 551 tibi
508 504 769 565 Vergilius
798 504 1084 564 Variusque
1110 508 1319 565 poetae3

175 572 283 619 Nec
309 572 471 633 magis
497 571 719 633 expressi
747 571 915 617 voltus
941 585 1030 632 per
1056 575 1211 616 aenea
1236 570 1399 631 signa,

177 640 339 699 Quam
367 654 455 700 per
481 639 612 685 vatis
639 651 767 699 opus
792 652 957 684 mores
985 637 1239 699 animique
1266 638 1487 684 virorum

178 706 441 753 Clarorum
469 711 725 767 apparent.
799 704 846 751 N
852 720 907 751 ec
934 718 1190 750 sermones
1216 719 1311 765 ego
1337 703 1539 750 mallem
1637 704 1733 750 250

175 771 434 834 Repentes
459 787 546 835 per
572 772 781 819 humum
809 787 959 833 quam
989 785 1067 817 res
1093 785 1389 834 componere
1416 775 1607 831 gestas,

177 839 545 901 Terrarumque
571 839 700 886 situs
727 844 778 885 et
803 837 1010 884 flumina
1034 837 1213 895 dicere,
1241 842 1292 885 et
1317 851 1457 884 arces

176 907 442 954 Montibus
468 906 748 969 impositas,
777 911 827 951 et
854 905 1067 951 barbara
1091 919 1260 966 regna,
1287 904 1490 966 tuisque

177 974 437 1036 Auspiciis
461 978 626 1021 totum
653 973 881 1019 confecta
909 971 1078 1018 duella
1102 986 1190 1034 per
1216 971 1398 1028 orbem,

178 1041 512 1103 Claustraque
539 1040 800 1087 custodem
828 1039 967 1102 pacis
993 1038 1279 1085 cohibentia
1302 1038 1336 1085 J
1342 1052 1508 1096 anum,
1640 1037 1735 1084 255

177 1108 247 1155 Et
271 1109 592 1155 formidatam
619 1106 827 1154 Parthis
853 1111 902 1153 te
929 1105 1152 1168 prIncipe
1179 1105 1412 1162 Romam,

178 1175 231 1223 Si
253 1181 497 1237 quantum
520 1189 750 1236 cuperem
770 1188 972 1235 possem
990 1187 1215 1235 quoque3
1243 1172 1331 1219 sed
1349 1186 1507 1234 neque
1523 1185 1735 1234 parvum

179 1242 397 1290 Carmen
422 1243 661 1303 maJestas
687 1241 868 1302 recipit
886 1245 989 1298 tua,
1019 1255 1109 1287 nec
1133 1254 1276 1286 meus
1303 1238 1455 1285 audet

177 1310 309 1357 Rem
334 1315 582 1370 temptare
608 1309 782 1371 pudor,
811 1322 961 1370 quam
989 1307 1123 1354 vires
1148 1307 1275 1353 ferre
1300 1308 1544 1352 recusent.

181 1376 437 1423 Sedulitas
463 1381 633 1422 autem
660 1375 827 1432 stulte,
856 1389 1005 1436 quem
1031 1373 1214 1435 diligit,
1243 1377 1403 1434 urget,
1642 1373 1737 1419 260

179 1443 458 1506 Praecipue
485 1458 596 1489 cum
625 1458 678 1489 se
705 1442 930 1488 numeris
955 1440 1275 1488 commendat
1298 1445 1349 1486 et
1374 1443 1506 1486 arte:

178 1511 342 1558 Discit
366 1511 498 1557 enim
527 1510 674 1556 citius
699 1508 1025 1570 meminitque
1052 1507 1292 1554 libentius
1316 1506 1443 1571 illud

181 1578 328 1638 Quod
354 1578 467 1639 quis
494 1577 702 1633 deridet,
731 1590 884 1638 quam
910 1575 1043 1637 quod
1068 1574 1252 1637 probat
1276 1578 1328 1620 et
1351 1575 1634 1620 veneratur.

179 1644 265 1691 Nil
292 1658 458 1691 moror
481 1643 695 1691 officium
721 1642 857 1704 quod
882 1657 960 1688 me
986 1647 1181 1703 gravat,
1210 1655 1266 1687 ac
1292 1654 1451 1703 neque
1477 1638 1592 1685 ficto

179 1711 242 1758 In
268 1713 408 1772 peJus
434 1711 577 1757 voltu
603 1710 813 1772 proponi
839 1723 1012 1756 cereus
1038 1723 1268 1771 usquam,
1642 1706 1737 1752 265

183 1778 289 1825 Nec
314 1793 471 1839 prave
498 1778 646 1824 factis
672 1777 897 1824 decorari
924 1776 1155 1822 versibus
1181 1779 1316 1836 opt0,

180 1845 259 1892 Ne
286 1845 492 1891 rubeam
515 1844 693 1906 pingui
720 1844 939 1890 donatus
964 1856 1185 1900 munere,
1212 1847 1264 1888 et
1287 1855 1390 1887 una

183 1912 313 1960 Cum
339 1912 582 1972 scriptore
608 1926 732 1968 meo,
763 1924 916 1972 capsa
942 1915 1204 1971 porrectus
1231 1911 1420 1970 aperta,

182 1979 394 2026 Deferar
418 1979 470 2024 in
496 1978 663 2023 vicum
689 1977 994 2023 vendentem
1018 1980 1104 2022 tus
1129 1980 1180 2022 et
1205 1975 1387 2021 odores

181 2045 252 2092 Et
275 2046 421 2108 piper
444 2049 496 2091 et
521 2043 756 2107 quicquid
783 2043 973 2090 chartis
999 2041 1229 2089 amicitur
1252 2040 1452 2103 ineptis.
1647 2038 1741 2088 270

927 2176 999 2224 ΙΙ.

183 2279 348 2334 Flore,
374 2278 507 2324 bono
533 2278 766 2339 claroque
793 2276 954 2324 fidelis
981 2275 1139 2322 amice
1165 2273 1374 2333 Neroni,

189 2346 242 2393 Si
270 2346 383 2407 quis
409 2345 536 2391 forte
566 2344 688 2391 velit
713 2359 923 2406 puerum
947 2343 1042 2390 tibi
1068 2343 1286 2389 vendere
1311 2345 1488 2388 natum

186 2413 370 2458 Tibure
399 2412 478 2457 vel
507 2411 695 2467 Gabiis,
724 2415 775 2457 et
799 2415 966 2456 tecum
993 2411 1065 2456 sic
1092 2404 1241 2470 agat:
1282 2413 1308 2433 ‘⁴
1330 2407 1445 2464 Hic,
1471 2409 1524 2452 et

188 2479 450 2527 Candidus
475 2475 531 2523 et¹
550 2477 682 2522 talos
708 2493 737 2524 a
764 2477 952 2523 vertice
977 2476 1186 2538 pulcher
1212 2475 1274 2521 ad
1300 2474 1444 2531 imos,

187 2545 302 2591 Fiet
328 2545 520 2606 eritque
547 2549 666 2590 tuus
695 2558 1011 2589 nummorum
1036 2543 1239 2588 milibus
1266 2546 1392 2598 octo,
1715 2537 1743 2584 5

173 2610 363 2658 'Verna
387 2611 682 2657 ministeriis
710 2611 773 2656 ad
802 2615 951 2656 nutus
980 2616 1129 2670 aptus
1158 2607 1354 2664 heriles,

190 2677 458 2725 Litterulis
485 2678 694 2725 Graecis
719 2677 961 2729 imbutus,
990 2677 1200 2722 idoneus
1228 2673 1324 2720 arti

191 2745 443 2795 Cuilibet:
485 2744 666 2805 argilla
690 2743 895 2805 quidvis
922 2742 1202 2789 imitaberis
1229 2740 1358 2786 uda:

313 2858 386 2895 259
406 2859 590 2896 recusant
702 2856 773 2891 268
794 2858 933 2904 operta
1046 2855 1117 2890 269
1138 2853 1230 2890 thus
1342 2850 1413 2888 270
1433 2847 1623 2898 inemptis

668 2907 689 2942 3
710 2906 774 2942 hio
795 2909 855 2942 est
1008 2905 1029 2940 8
1050 2904 1274 2940 imitabitur
