1878 3054
678 163 801 202 mn.
843 163 939 202 111.
981 150 1027 214 2,
1058 150 1090 201 3
1611 149 1679 205 65

375 296 540 346 'Pactu
574 296 787 355 leonem,
826 312 978 359 quem
1014 301 1224 345 eruenta

443 364 774 412 Per-medias
810 365 946 426 rapit
981 365 1057 412 ira
1091 364 1330 413 caedesl'

307 432 470 482 Dulce
494 436 548 480 et
571 431 808 480 decorum
835 437 915 480 est
938 447 1031 494 pro
1055 433 1224 495 patria
1248 433 1407 483 mori:

307 499 453 548 Mors
477 503 530 548 et
555 499 789 562 fugacem
816 500 1143 562 persequitur
1169 501 1352 561 virum,

375 567 486 616 Nee
519 567 684 631 parcit
718 566 941 614 imbellis
970 569 1215 628 Juventae
1612 568 1671 614 15

442 635 732 698 Poplitibus
767 635 1014 683 timidove
1051 640 1209 699 tergo.

307 702 507 761 VirtuS,
544 703 778 766 repulsae
817 703 991 751 nescia
1027 704 1280 763 sordidae,

308 770 640 820 Intaminatis
676 771 845 833 fulget
875 770 1170 832 honoribuS‚

373 838 484 887 Nee
520 839 680 887 sumit
715 843 805 886 aut
839 839 987 901 ponit
1022 854 1227 888 secures

442 906 670 954 Arbitrio
704 907 967 969 popularis
1004 923 1170 956 aurae.
1610 905 1672 949 20

306 974 506 1033 virtue,
531 974 797 1022 recludens
824 974 1095 1023 immeritis
1120 976 1259 1023 mori.

308 1042 540 1100 Caelum,
579 1046 770 1104 negata
804 1046 1024 1105 temptat
1059 1043 1158 1092 iter
1193 1044 1294 1103 via,

373 1109 665 1173 Coetusque
702 1110 940 1172 volgares
975 1115 1028 1158 et
1062 1111 1217 1159 udam

440 1177 647 1241 Spernit
672 1177 883 1225 humum
907 1178 1132 1240 fugiente
1156 1194 1338 1242 penna.

303 1244 658 1294 Est'etfideli
695 1249 811 1292 tuta
847 1245 1054 1294 silentio
1609 1243 1671 1289 25

302 1311 502 1362 Merces
518 1323 541 1361 ε’
568 1313 772 1371 vetab0‚
801 1313 888 1375 qui
916 1313 1116 1362 Cereris
1141 1328 1341 1363 sacrum
1429 1352 1431 1354 .

369 1379 612 1443 Volgarit
647 1395 879 1439 arcanae,
919 1382 1015 1429 sub
1051 1382 1214 1430 isdem

441 1447 522 1497 Sit
556 1447 789 1496 trabibus
829 1448 1165 1512 fragilemque
1202 1464 1403 1498 meeum

215 1513 218 1515 “
304 1514 487 1565 Solvat
521 1515 802 1578 phaselon:
844 1531 995 1580 saepe
1033 1517 1295 1581 Diespiter

301 1582 583 1645 Negleetus
620 1583 817 1631 incesto
858 1585 1060 1632 addidit
1093 1585 1380 1648 integrum3
1606 1580 1670 1627 30

370 1651 512 1700 Raro
550 1651 939 1700 antecedentem
979 1652 1251 1701 scelestum

436 1717 676 1781 Deseruit
709 1718 861 1818 pede
880 1719 1056 1771 Poena
1092 1720 1286 1768 claudo,

60 1881 275 2078 w
675 1863 1025 2023 Α»

19 2071 126 2151 (ss
296 2072 509 2125 Iustum
534 2081 586 2126 et
610 2081 842 2125 tenacem
869 2075 1115 2141 propositi
1143 2077 1309 2125 virum

119 2153 131 2166 ·
296 2140 420 2191 Non
443 2143 630 2191 civium
657 2145 805 2192 ardor
828 2159 989 2208 prava
1016 2145 1325 2208 jubentium,

366 2209 483 2259 Non
523 2211 693 2259 voltus
730 2212 974 2275 instantis
1010 2213 1216 2274 tyranni

434 2277 611 2326 Mente
638 2271 807 2355 quatit
833 2280 1013 2340 solida,
1041 2294 1202 2342 neque
1230 2279 1440 2338 Auster,

299 2343 420 2393 Dux
456 2345 669 2408 inquieti
708 2346 941 2396 turbidus
982 2347 1226 2402 Hadriae,
1631 2344 1661 2391 5

299 2408 409 2460 Nee
435 2412 754 2461 fulminantis
781 2429 971 2477 magna
994 2429 1175 2462 manus
1200 2413 1383 2462 Jovis·
1372 2451 1387 2477 ‚

366 2477 422 2527 Si
461 2479 652 2530 fractus
690 2482 931 2531 illabatur
964 2483 1118 2539 orbis,

434 2548 757 2613 Impavidum
797 2551 983 2600 ferient
1016 2550 1208 2598 ruinae.

300 2612 416 2663 Hac
441 2621 549 2664 arte
578 2617 760 2664 Pollux
787 2624 841 2666 et
866 2632 1032 2677 vagus
1060 2616 1312 2665 Hercules

298 2679 490 2730 Enisus
527 2698 668 2734 arces
706 2685 882 2747 attigit
917 2678 1665 2747 igneas,10

99 2822 309 2912 lirssrooeq
193 2826 423 2876 rooequitur
499 2827 546 2864 16
566 2827 790 2878 timidoque
859 2827 906 2864 22
927 2830 1060 2865 tentat
1136 2826 1183 2865 23
1204 2828 1302 2876 vulg
1303 2839 1391 2865 ares
1471 2827 1519 2864 24
1538 2828 1666 2877 pinna.

214 2876 395 2925 vulgarit
463 2878 512 2914 28
531 2878 770 2925 smgilemve
790 2890 809 2914 e
828 2879 1050 2914 coniectura
1103 2878 1125 2916 7
1145 2879 1334 2916 illabetur
1390 2878 1434 2914 10
1456 2879 1612 2915 innisus

272 2955 380 2995 Δοι-
404 2955 431 2993 5
