1878 3054
252 114 355 182 152
702 143 942 182 nomam
985 142 1353 184 SATIRARVM

253 275 538 325 Pantolabo
564 291 763 323 scurrae
789 276 1211 340 Nomentanoque
1237 276 1438 340 nepoti:

250 342 393 389 Mille
418 344 574 405 pedes
597 344 650 390 in
675 344 853 402 fronte,
881 349 1135 391 trecentos
1159 345 1338 406 cippus
1364 344 1419 391 in
1443 359 1623 406 agrum

251 410 352 457 Hic
379 410 549 468 dabat,
581 410 820 457 ‘heredes
845 416 1230 458 monumentum
1255 427 1316 458 ne
1342 411 1668 474 sequeretur.'

249 476 299 524 N
303 492 400 524 unc
424 477 542 524 licet
567 477 814 539 Esquiliis
839 477 1068 525 habitare
1096 478 1381 525 salubribus
1406 484 1555 541 atque

249 543 459 606 Aggere
484 545 535 591 in
562 545 729 606 aprico
756 545 978 607 spatiari,
1007 560 1105 607 quo
1131 545 1282 592 modo
1306 546 1480 592 tristes
1640 582 1641 585 η
1738 549 1796 595 15

249 611 400 658 Albis
427 611 691 658 informem
718 611 1016 674 spectabant
1042 612 1242 659 ossibus
1268 627 1478 674 agrum;

251 677 382 726 Cum
406 678 532 724 mihi
558 693 661 725 non
686 683 888 726 tantum
913 679 1149 740 furesque
1175 679 1421 741 feraeque,
1448 683 1622 726 suetae

250 745 404 792 Hunc
430 760 614 792 vexare
640 745 820 805 locum,
848 761 996 793 curae
1023 751 1142 793 sunt
1167 750 1318 809 atque
1344 745 1516 804 labori,

250 813 512 873 Quantum
538 813 845 860 carminibus
870 828 997 875 quae
1025 817 1231 860 versant
1258 818 1408 875 atque
1434 812 1647 860 venenis

250 879 520 926 Humanos
546 879 756 927 animos.
830 879 943 926 Has
967 880 1106 927 nullo
1129 880 1335 943 perdere
1361 895 1570 943 possum
1738 882 1799 927 20

248 945 356 993 Nec
380 946 642 1008 prohibere
668 947 834 1005 modo,
863 947 1012 994 simul
1038 962 1095 994 ac
1120 961 1253 1008 vaga
1278 946 1400 994 luna
1425 947 1661 994 decorum

249 1013 470 1060 Protulit
495 1028 565 1071 os,
593 1014 715 1077 quin
740 1029 858 1061 ossa
884 1014 1058 1075 legant
1083 1013 1366 1076 herbasque
1393 1017 1647 1061 nocentes.

247 1079 369 1127 Vidi
394 1086 598 1142 egomet
621 1081 768 1142 nigra
792 1082 1100 1128 succinctam
1127 1081 1307 1128 vadere
1331 1080 1469 1144 palla

250 1147 514 1195 Canidiam
540 1147 753 1210 pedibus
778 1149 932 1196 nudis
958 1163 1211 1210 passoque
1235 1147 1432 1210 capillo,

251 1214 379 1262 Cum
409 1214 616 1276 Sagana
640 1216 824 1276 maj0re
850 1215 1143 1263 ululantem.
1218 1214 1390 1262 Pallor
1413 1218 1651 1277 utrasque
1735 1214 1798 1261 25

248 1281 461 1328 Fecerat
488 1282 762 1328 horrendas
789 1288 1008 1344 aspectu.
1082 1281 1314 1345 Scalpere
1339 1285 1527 1329 terram

249 1349 522 1410 Unguibus
547 1354 599 1396 et
622 1349 812 1411 pullam
838 1349 1075 1397 divellere
1100 1349 1354 1396 mordicus
1380 1363 1568 1410 agnam

251 1414 540 1477 Coeperunt
561 1433 573 1477 ;
609 1430 755 1463 cruor
780 1416 831 1478 in
857 1416 1048 1464 fossam
1074 1416 1329 1474 confusus,
1355 1421 1415 1463 ut
1439 1415 1555 1462 inde

249 1481 432 1530 Manes
455 1483 706 1541 elicerent,
734 1484 934 1530 animas
957 1497 1199 1546 responsa
1224 1482 1447 1531 daturas.

250 1549 427 1596 Lanea
449 1555 500 1597 et
526 1549 718 1612 effigies
742 1555 865 1606 erat,
893 1551 1053 1598 altera
1077 1564 1248 1598 cerea:
1286 1550 1446 1610 major
1730 1549 1795 1596 30

251 1615 440 1676 Lanea,
467 1632 595 1680 quae
620 1618 796 1680 poenis
822 1622 1161 1680 compesceret
1184 1616 1468 1664 inferiorem
1489 1633 1501 1677 3

253 1683 415 1731 Cerea
439 1683 731 1747 suppliciter
755 1685 938 1742 stabat,
966 1684 1248 1742 servilibus,
1276 1688 1334 1730 ut
1357 1697 1485 1746 quae

249 1750 285 1798 J
290 1766 371 1797 am
395 1751 631 1812 peritura,
658 1752 836 1799 modis.
912 1751 1144 1798 Hecaten
1167 1755 1320 1798 vocat
1344 1750 1516 1808 altera,
1544 1763 1753 1798 saevam

251 1817 433 1864 Altera
458 1818 769 1880 Tisiphonen
790 1835 802 1880 3
840 1824 1102 1881 serpentes
1127 1823 1277 1880 atque
1303 1817 1502 1864 videres

250 1884 485 1933 Infernas
509 1899 672 1932 errare
697 1901 863 1944 canes,
893 1886 1188 1947 Lunamque
1213 1884 1491 1940 rubentem,
1737 1872 1800 1920 35

250 1951 330 2000 Ne
356 1951 484 1999 foret
509 1951 590 1999 his
614 1953 778 2010 testis,
803 1957 921 2015 post
946 1968 1135 2014 magna
1159 1952 1315 1999 latere
1342 1949 1621 2013 sepulchra.

250 2018 476 2066 Mentior
500 2023 554 2066 at
579 2019 621 2065 si
645 2019 782 2081 quid,
811 2020 998 2066 merdis
1022 2024 1173 2081 caput
1197 2017 1430 2081 inquiner
1454 2017 1582 2065 albis

253 2085 549 2143 Corvorum,
578 2091 729 2148 atque
751 2087 806 2133 in
829 2101 910 2133 me
936 2087 1108 2133 veniat
1131 2085 1340 2133 mictum
1365 2089 1516 2147 atque
1540 2086 1771 2131 cacatum

250 2152 424 2200 Julius
448 2157 500 2199 et
525 2153 719 2214 fragilis
747 2153 980 2200 Pediatia
1005 2152 1180 2215 furque
1207 2152 1460 2200 Voranus.

253 2218 469 2280 Singula
488 2220 609 2280 quid
629 2218 940 2268 memorem?
968 2235 1068 2282 quo
1082 2223 1230 2283 pacto
1246 2219 1441 2266 alterna
1454 2218 1720 2280 loquentes
1739 2222 1802 2267 40

252 2285 477 2333 Umbrae
503 2301 617 2335 cum
645 2286 851 2348 Sagana
875 2290 1171 2335 resonarent
1194 2286 1338 2333 triste
1362 2289 1415 2332 et
1439 2290 1660 2342 acutum,

253 2352 424 2415 thue
450 2353 555 2415 lupi
580 2353 787 2402 barbam
816 2355 984 2401 variae
1011 2369 1125 2400 cum
1150 2354 1300 2400 dente
1325 2352 1556 2400 colubrae

253 2419 561 2468 Abdiderint
586 2420 762 2469 furtim
786 2421 949 2478 terris,
976 2425 1028 2467 et
1052 2419 1276 2482 imagine
1303 2433 1446 2469 cerea

256 2486 471 2548 Largior
496 2488 675 2535 arserit
701 2487 849 2548 ignis,
877 2492 928 2534 et
952 2492 1010 2534 ut
1034 2502 1136 2535 non
1161 2486 1311 2534 testis
1335 2485 1530 2533 inultus

254 2553 553 2600 Horruerim
580 2569 730 2600 voces
758 2554 1028 2601 Furiarum
1052 2560 1104 2601 et
1128 2554 1263 2600 facta
1287 2553 1528 2601 duarum:
1741 2552 1803 2600 45

252 2618 403 2678 Nam,
433 2620 655 2682 displosa
682 2625 830 2668 sonat
855 2626 1103 2682 quantum
1129 2620 1315 2676 vesica,
1341 2618 1522 2681 pepedi

254 2685 462 2733 Diffissa
486 2692 604 2734 nate
630 2686 780 2735 ficus:
819 2692 872 2734 at
896 2687 1010 2734 illae
1036 2701 1231 2734 currere
1257 2686 1311 2733 in
1333 2686 1539 2745 urbem3

454 2809 500 2843 18
521 2809 602 2844 sint
705 2809 751 2845 19
770 2811 922 2845 vexant
940 2847 943 2850 ,
1022 2809 1070 2845 38
1090 2809 1256 2844 veniant
1290 2816 1293 2817 ’
1355 2807 1411 2843 38*
1421 2806 1615 2843 minctum

788 2860 835 2895 41
856 2859 1082 2896 resonarint
1101 2859 1150 2894 B.
1171 2859 1272 2894 coni.
