1878 3054
0 0 22 224 Ι
163 222 166 224 v
699 199 821 241 Lm.
860 201 900 240 1.
942 189 973 240 1
1519 185 1624 238 193

0 387 3 390 ,
60 337 160 390 Sed
185 336 578 402 quadringentis
604 350 694 384 sex
718 340 915 398 septem
940 335 1085 383 milia
1109 335 1323 383 desunt:

0 413 14 471 '‚
39 406 215 471 ⁴Plebs
238 406 354 458 eris.
428 405 505 452 At
527 403 673 466 pueri
698 403 949 462 ludenteS‚
980 408 1006 427 “
1028 403 1143 451 Rex
1166 403 1317 459 eriS,'’
1344 402 1502 461 aiunt,

62 476 96 501 “
108 472 164 523 Si
186 477 320 522 recte
345 472 549 520 facieS.''
621 471 675 518 H
680 471 724 518 ic
748 485 926 518 murus
951 476 1139 517 aeneus
1163 474 1290 529 esto,

61 539 151 591 Nil
173 539 398 589 conscire
424 538 537 597 sibi,
564 538 708 586 nulla
731 538 1009 601 pallescere
1036 538 1199 601 culpa.
1564 537 1629 589 60

61 607 265 667 Roscia,
291 607 372 655 dic
396 606 563 665 sodeS‚
589 606 769 654 melior
793 606 889 666 lex,
917 621 984 653 an
1008 619 1283 668 puerorum
1308 608 1391 652 est

62 674 242 734 Nenia,
268 689 399 738 quae
424 685 641 736 regnum
665 678 803 721 recte
829 672 1134 721 facientibus
1161 672 1318 732 offert,

61 741 133 793 nt
153 742 377 790 maribus
403 741 573 790 Curiis
598 746 651 789 et
675 741 948 788 decantata
976 738 1246 789 Camillis?

61 808 180 861 Iane
203 809 302 858 tibi
325 809 509 857 melius
535 809 719 856 suadet
743 809 831 872 qui
856 823 963 856 rem
990 807 1162 867 facias,
1188 822 1313 867 rem,

65 876 121 928 si
142 878 324 941 possiS,
350 881 501 935 recte,
529 876 573 923 si
599 891 716 934 non,
745 891 1063 939 quocumque
1089 875 1240 923 modo
1265 890 1389 935 rem,
1569 880 1629 927 65

62 943 139 994 Ut
157 944 365 1009 propius
390 949 591 1006 spectes
617 944 889 991 lacrimosa
912 948 1152 1007 poemata
1177 942 1325 1004 Pupi,

61 1011 150 1061 An
170 1011 258 1076 qui
282 1011 540 1059 Fortunae
565 1016 617 1058 te
642 1025 942 1073 responsare
967 1011 1213 1074 superbae

61 1077 302 1129 Liberum
320 1084 374 1127 et
396 1084 621 1127 erectum
648 1093 892 1141 praesens
919 1078 1153 1125 hortatur
1175 1082 1229 1125 et
1254 1073 1430 1140 aptat?

65 1145 214 1208 Quod
237 1146 283 1194 si
306 1161 387 1194 me
412 1147 634 1210 populus
662 1146 932 1194 Romanus
957 1146 1086 1193 forte
1110 1150 1270 1208 roget,
1297 1158 1387 1192 cur

5 1269 15 1276 ,
63 1211 196 1273 Non,
219 1219 280 1263 ut
301 1213 600 1277 porticibus,
628 1214 702 1262 sic
729 1213 937 1276 judiciis
964 1213 1102 1260 fruar
1125 1213 1302 1270 isdem,
1573 1216 1636 1267 70

64 1278 172 1330 Nec
194 1295 379 1344 sequar
404 1286 494 1329 aut
519 1281 716 1343 fugiam
743 1296 873 1344 quae
900 1280 1072 1343 diligit
1095 1280 1206 1342 ipse
1233 1279 1314 1327 vel
1339 1278 1457 1336 odit,

66 1346 200 1397 Olim
224 1348 362 1412 quod
387 1349 566 1412 volpes
592 1354 805 1411 aegroto
831 1354 986 1396 cauta
1010 1348 1146 1396 leoni

64 1413 347 1480 Respondit
370 1416 615 1464 referam:
655 1421 682 1441 ‘⁴
704 1416 839 1478 Quia
862 1431 943 1464 me
970 1415 1193 1478 vestigia
1215 1418 1423 1474 terrent,

65 1479 251 1531 Omnia
273 1487 325 1531 te
352 1483 627 1531 adversum
653 1484 955 1547 spectantia,
984 1483 1126 1530 nulla
1151 1482 1482 1530 retrorsum.''

62 1547 225 1598 Belua
258 1550 535 1666 multolium
571 1566 629 1599 es
665 1551 906 1615 capitum.
979 1550 1116 1598 Nam
1153 1549 1276 1613 quid
1319 1563 1503 1612 sequar
1546 1553 1638 1597 aut

260 1632 410 1681 quem
1571 1617 1632 1667 75

66 1682 196 1733 Pars
218 1683 484 1733 hominum
510 1685 671 1748 gestit
696 1686 976 1734 conducere
999 1684 1231 1750 publica3
1268 1689 1389 1732 sunt
1413 1683 1501 1747 qui

62 1749 269 1814 „crustis
292 1756 346 1801 et
367 1753 535 1816 pomis
561 1753 747 1801 viduas
774 1759 1026 1801 venentur
1051 1767 1250 1809 avara-s,

62 1814 436 1883 Excipiantque
462 1834 627 1879 seneS,
656 1835 785 1883 quos
811 1820 866 1867 in
891 1820 1091 1868 vivaria
1114 1820 1357 1881 mittant;

65 1882 246 1935 Multis
268 1887 467 1935 occulto
493 1887 673 1936 crescit
698 1903 780 1936 res
807 1887 992 1935 fenore.
1067 1887 1263 1935 Verum

66 1950 193 2002 Esto
217 1954 330 2003 aliis
355 1954 484 2003 alios
510 1955 662 2003 rebus
688 1955 977 2018 studiisque
1002 1955 1193 2003 teneri:
1574 1954 1637 2001 80

66 2017 207 2069 Idem
229 2021 408 2070 eadem
432 2027 652 2086 possunt
678 2022 856 2071 horam
884 2023 1067 2071 durare
1092 2019 1406 2086 probantes?

67 2090 96 2112 '⁴
113 2085 298 2138 Nullus
321 2089 374 2137 in
398 2089 519 2138 orbe
545 2090 688 2138 sinus
716 2090 840 2138 Bais
867 2090 1128 2153 praelucet
1153 2089 1384 2138 amoenis
1401 2090 1430 2116 ”

65 2149 122 2203 si
144 2154 274 2204 dixit
296 2155 457 2215 dives,
483 2157 628 2205 lacus
652 2162 706 2206 et
731 2173 871 2206 mare
899 2158 1058 2206 sentit
1082 2172 1307 2205 amorem

67 2217 379 2272 festinantis
403 2222 511 2272 heri
535 2242 548 2286 ;
585 2225 666 2272 cui
694 2225 737 2273 si
766 2226 955 2273 vitiosa
980 2225 1138 2273 libido

67 2284 266 2338 fecerit
289 2291 588 2354 auspicium,
618 2297 645 2317 ‘⁴
666 2292 796 2341 Cras
824 2293 1133 2341 ferramenta
1158 2292 1390 2340 Teanum
1577 2291 1639 2337 85

67 2349 288 2416 Tolletis,
314 2357 493 2407 sabri.''
564 2359 755 2407 Lectus
781 2361 1001 2422 genialis
1026 2359 1078 2406 in
1102 2360 1220 2407 aula
1243 2365 1352 2407 est:

66 2417 151 2471 Nil
176 2422 248 2472 ait
269 2438 381 2472 esse
405 2426 560 2488 priua,
588 2427 772 2475 melius
798 2427 870 2475 nil
896 2427 1085 2475 caelibe
1111 2427 1248 2476 vita:

60 2482 124 2537 Bi
146 2503 245 2539 non
269 2497 363 2551 est,
381 2492 525 2554 jurat
549 2493 675 2541 bene
702 2495 826 2543 solis
852 2510 964 2543 esse
991 2494 1200 2542 maritis.

68 2551 180 2617 Quo
202 2562 401 2607 teneam
430 2561 602 2608 voltus
628 2567 914 2610 mutantem
943 2562 1130 2609 Protea
1153 2558 1322 2609 nodo?
1514 2592 1519 2597 -

67 2619 201 2739 guid
225 2625 454 2690 pauper?
526 2627 691 2677 Ride:
730 2634 898 2677 mutat
923 2629 1178 2686 cenacula,
1206 2629 1379 2686 lectOS,
1584 2626 1644 2673 90

114 2688 273 2750 alnea,
300 2697 548 2752 tonsores,
575 2696 826 2743 conducto
854 2695 1062 2758 navigio
1089 2711 1246 2758 aeque

69 2748 299 2808 Nauseat
322 2774 380 2808 ac
404 2760 631 2825 locuples
655 2778 806 2826 quem
832 2763 972 2811 ducit
997 2763 1143 2826 priva
1167 2760 1402 2810 triremis.

341 2911 388 2950 57
408 2911 442 2949 ai
546 2913 594 2953 57
612 2915 747 2953 desint
851 2915 897 2954 77
918 2915 1058 2952 frustis
1164 2914 1211 2950 82
1232 2913 1344 2949 Baiis

285 2967 390 3011 Hor.
417 2971 469 3012 n
