1878 3054
210 167 313 218 144
652 180 893 219 HoRA'rr
937 181 1305 223 sA'mRARVM

207 311 514 359 Graecorum
538 311 688 373 longe
714 312 1070 374 doctissimus3
1106 313 1223 361 inde
1250 313 1440 362 Forum
1465 314 1619 380 Appi,

206 378 473 426 Differtum
501 381 673 425 nautis
698 380 1008 442 cauponibus
1035 386 1187 442 atque
1212 381 1467 443 malignis.

209 445 324 492 Hoc
349 446 444 491 iter
468 445 644 506 ignavi
670 445 953 503 divisimus,
982 447 1137 493 altius
1163 461 1220 494 ac
1247 462 1339 495 nos
1724 442 1754 490 5

210 512 520 559 Praecinctis
547 527 734 572 unum3
772 513 940 559 minus
965 519 1044 560 est
1070 514 1244 574 gravis
1271 514 1445 578 Appia
1467 516 1644 565 tardis.

208 578 310 626 Hic
335 594 429 640 ego
455 585 661 640 propter
686 595 883 642 aquam,
911 580 1046 642 quod
1072 586 1182 627 erat
1206 581 1492 642 deterrima,
1521 583 1686 633 ventri

208 645 385 692 Indico
411 645 610 703 bellum,
638 652 878 693 cenantes
905 646 1040 694 haud
1066 647 1237 694 animo
1268 663 1430 710 aequo

208 712 523 775 Exspectans
549 713 775 760 comites
849 713 884 760 J
889 729 969 760 am
998 729 1096 761 nox
1122 714 1357 762 inducere
1381 716 1532 763 terris

208 778 431 826 Umbras
458 783 509 826 et
533 780 672 826 caelo
699 779 980 828 diffundere
1008 781 1157 842 signa
1182 782 1429 844 parabat3
1700 776 1760 822 10

207 845 339 892 Tum
364 846 505 908 pueri
529 847 714 904 nautis,
741 847 911 909 pueris
939 848 1172 895 convicia
1196 854 1382 897 nautae

206 913 466 975 Ingerere:
505 913 946 975 “Hucappellel’'
983 915 1558 965 “Trecentosinserisl”
1596 917 1762 978 “Ohe,

205 980 241 1027 J
247 995 327 1027 am
354 980 479 1027 satis
504 979 653 1027 est1''
724 981 859 1027 Dum
888 996 974 1028 aes
999 981 1236 1044 exigitur,
1258 983 1379 1030 dum
1395 983 1534 1030 mula
1557 984 1762 1046 ligatur,

207 1047 340 1094 Tota
363 1047 468 1094 abit
496 1046 631 1094 hora.
707 1047 832 1094 Mali
859 1049 1044 1096 culices
1070 1062 1322 1112 ranaeque
1346 1050 1600 1112 palustres

207 1114 467 1162 Avertunt
491 1129 709 1171 somnos,
738 1114 999 1162 absentem
1026 1121 1085 1163 ut
1108 1121 1279 1163 cantat
1303 1116 1519 1165 amicam
1705 1119 1764 1167 15

207 1180 374 1228 Multa
398 1181 627 1244 prolutus
654 1197 821 1244 vappa
847 1187 1006 1229 nauta
1031 1187 1181 1245 atque
1207 1183 1374 1231 viator

208 1247 469 1296 Certatim.
546 1248 775 1295 Tandem
801 1249 966 1296 fessus
993 1249 1208 1296 dormire
1234 1250 1400 1298 viator

208 1313 410 1377 Incipit,
439 1330 497 1362 ac
522 1316 709 1362 missae
737 1321 943 1377 pastum
971 1316 1251 1364 retinacula
1274 1318 1442 1365 mulae

208 1381 383 1430 Nauta
404 1382 549 1444 piger
572 1396 694 1429 saxo
720 1383 905 1444 religat
930 1383 1200 1446 stertitque
1228 1384 1455 1447 supinus.

205 1448 426 1511 Jamque
453 1449 560 1496 dies
585 1449 774 1508 aderat,
802 1450 872 1496 nil
899 1465 1014 1497 cum
1038 1450 1307 1513 procedere
1333 1451 1534 1499 lintrem
1702 1453 1764 1500 20

211 1515 483 1574 Sentimus,
511 1516 669 1564 donec
694 1516 987 1564 cerebrosus
1011 1517 1211 1579 prosilit
1235 1532 1367 1565 unus

209 1583 289 1630 Ac
312 1583 478 1630 mulae
499 1589 786 1645 nautaeque
811 1588 969 1645 caput
993 1583 1292 1646 lumbosque
1317 1585 1519 1647 saligno

209 1649 368 1698 Fuste
394 1649 564 1710 dolat;
599 1655 781 1712 quarta
807 1651 896 1697 vix
918 1650 1123 1697 demum
1147 1651 1444 1714 exponimur
1468 1651 1607 1699 hora.

210 1716 314 1764 Ora
339 1732 616 1779 manusque
641 1722 731 1764 tua
757 1716 993 1774 lavimus,
1022 1716 1255 1776 Feronia,
1282 1718 1509 1781 lympha.

209 1783 358 1832 Milia
381 1789 491 1830 tum
515 1783 687 1846 pransi
713 1784 812 1831 tria
835 1783 1074 1846 repimus,
1103 1789 1254 1846 atque
1280 1785 1510 1832 subimus
1706 1786 1766 1832 25

209 1851 517 1912 Impositum
540 1851 678 1897 saxis
703 1850 806 1898 late
832 1851 1172 1898 candentibus
1197 1851 1394 1900 Anxur.

212 1917 329 1966 Huc
356 1923 599 1964 venturus
620 1922 731 1964 erat
756 1917 1043 1977 Maecenas,
1070 1918 1292 1980 optimus
1317 1923 1467 1981 atque

213 1984 467 2041 Cocceius,
495 1984 638 2030 missi
663 1985 867 2045 magnis
892 1985 954 2032 de
979 1986 1131 2031 rebus
1155 1989 1365 2047 uterque

212 2051 412 2112 Legati,
442 2065 649 2099 aversos
674 2051 810 2098 soliti
836 2066 1138 2113 componere
1165 2052 1367 2100 amicos.

213 2118 317 2165 Hic
340 2118 500 2164 oculis
525 2132 621 2178 ego
648 2117 796 2179 nigra
821 2118 947 2165 meis
973 2118 1183 2180 collyria
1207 2119 1377 2181 lippus
1706 2121 1768 2166 30

213 2185 431 2232 Illinere.
505 2183 707 2231 Interea
732 2183 1005 2231 Maecenas
1030 2185 1241 2232 advenit
1265 2190 1417 2247 atque

214 2251 470 2307 Cocceius,
500 2250 781 2313 Capitoque
809 2251 959 2298 simul
987 2251 1248 2310 Fonteius,
1277 2252 1340 2298 ad
1365 2266 1585 2312 unguem

215 2318 404 2365 Factus
432 2317 597 2374 homo,
626 2317 836 2375 Antoni,
863 2333 965 2365 non
990 2322 1048 2365 ut
1072 2318 1238 2379 magis
1263 2318 1403 2378 alter,
1430 2318 1639 2367 amicus,

215 2385 426 2432 Fundos
451 2383 657 2432 Aufidio
684 2383 850 2431 Lusco
877 2389 1107 2446 praetore
1133 2385 1348 2431 libenter

215 2451 536 2513 Linquimus,
563 2450 730 2496 insani
752 2451 977 2498 ridentes
1001 2452 1227 2514 praemia
1252 2451 1462 2509 scribae,
1703 2451 1766 2498 35

218 2518 539 2565 Praetextam
567 2521 619 2563 et
641 2517 800 2563 latum
826 2518 1025 2564 clavum
1050 2533 1339 2580 prunaeque
1367 2518 1615 2566 vatillum.
1806 2518 1810 2523 ’

216 2584 279 2632 In
305 2584 680 2631 Mamurrarum
705 2583 829 2630 lassi
855 2584 1033 2632 deinde
1059 2585 1181 2632 urbe
1205 2599 1484 2643 manemus,

216 2649 433 2700 Murena
456 2650 728 2712 praebente
752 2650 973 2710 domum,
1002 2650 1249 2713 Capitone
1276 2651 1510 2699 culinam.

291 2779 315 2816 3
333 2778 497 2827 linguae
576 2778 597 2814 6
616 2779 736 2814 nimis
816 2777 837 2816 7
856 2780 1062 2816 teterrima
1139 2779 1185 2815 11
1205 2779 1384 2816 convitia
1462 2778 1508 2814 15
1527 2779 1573 2813 ut
1590 2777 1698 2816 omit.

443 2829 491 2865 20
511 2828 570 2864 nil
588 2831 674 2864 tum
777 2829 826 2864 24
844 2830 1017 2865 lavimur
1035 2843 1054 2864 e
1073 2831 1172 2865 coni.
1275 2830 1323 2864 25
1343 2829 1540 2878 repsimus

679 2879 728 2914 26
747 2879 827 2914 late
845 2880 956 2915 saxis
1058 2880 1106 2916 36
1125 2879 1310 2915 batillum
