1878 3054
705 153 832 194 Lm.
871 152 972 194 111.
1014 140 1169 193 8-10

271 291 288 317 ⁴
306 287 487 338 Donec
510 302 613 336 non
639 286 744 335 alia
766 287 936 350 magis

339 355 549 414 Arsisti‚
577 370 743 417 neque
770 361 881 403 erat
907 355 1078 420 Lydia
1095 360 1219 420 «post
1236 356 1456 418 Chloen,

270 421 430 471 Multi
457 421 629 486 Lydia
655 422 879 472 nominis

340 488 578 539 Romana
607 490 753 552 vigui
781 490 967 538 clarior
986 491 1118 539 Ilia!

270 557 360 606 Me
385 574 517 607 nunc
543 558 770 607 Thressa
802 557 964 607 Chloe
987 559 1136 621 regit,

339 626 527 675 Dulces
551 626 704 674 docta
732 626 913 674 modos
939 631 992 674 et
1016 627 1241 675 citharae
1266 628 1449 689 sciens,

272 692 376 741 Pro
400 709 500 757 qua
526 709 628 742 non
657 698 887 742 metuam
913 695 1056 753 mori,

341 760 395 809 Si
419 766 629 825 parcent
657 762 857 809 animae
883 762 990 809 fata
1016 762 1294 826 superstiti.

239 831 255 855 ⁸
271 827 360 879 Me
385 833 547 877 torret
572 829 680 877 face
710 834 892 877 mutua

298 940 305 948 .
341 896 557 945 Thurini
586 896 765 946 Calais
792 897 925 944 filius
954 896 1157 960 Ornyti,

273 962 376 1012 Pro
400 980 501 1028 quo
525 965 605 1013 bis
634 965 805 1027 patiar
829 964 971 1024 mori,

343 1031 398 1080 Si
420 1038 631 1096 parcent
656 1049 815 1097 puero
842 1033 949 1081 fata
975 1033 1273 1097 superstiti)

274 1099 413 1162 Quid
438 1100 481 1148 si
505 1101 674 1164 prisca
702 1102 835 1149 redit
860 1101 1041 1149 Venus

343 1167 695 1232 Diductosque
716 1170 846 1231 jugo
872 1168 1011 1232 cogit
1038 1167 1230 1217 aeneo?

275 1233 332 1284 Si
357 1234 490 1283 flava
513 1236 772 1284 excutitur
800 1236 972 1295 Chloe,

340 1301 678 1367 Rejectaeque
705 1309 850 1367 patet
865 1305 1026 1366 janua
1052 1301 1294 1368 Lydiae?

241 1372 256 1396 ‘
276 1369 598 1434 Quamquam
627 1371 793 1419 sidere
819 1372 1078 1435 pulchrior

342 1437 436 1486 Ille
460 1444 554 1498 est,
582 1443 641 1487 tu
666 1439 830 1487 levior
851 1440 1038 1488 cortice
1063 1444 1116 1489 et
1139 1440 1371 1503 improbo

272 1505 575 1554 Iracundior
600 1505 820 1566 Hadria,

341 1571 531 1622 Tecum
555 1574 729 1623 vivere
757 1590 940 1635 amem,
968 1579 1137 1624 tecum
1163 1575 1344 1623 obeam
1366 1574 1566 1624 libens)

895 1740 964 1789 X.

375 1843 677 1893 Extremum
707 1843 906 1892 Tanain
933 1843 976 1892 si
1001 1844 1217 1903 bibereS,
1247 1843 1402 1907 Lyce,

378 1910 546 1960 Saevo
572 1916 731 1975 nupta
759 1912 884 1969 viro,
913 1926 992 1959 me
1018 1916 1192 1959 tamen
1218 1927 1426 1975 asperas

376 1978 674 2027 Porrectum
701 1983 819 2026 ante
848 1979 982 2026 fores
1009 1979 1221 2041 objicere
1247 1980 1427 2028 incolis

511 2046 750 2094 Plorares
779 2046 1143 2109 Aquilonibus,

374 2113 543 2162 Audis
568 2129 667 2177 quo
694 2114 915 2176 strepitu
935 2116 1111 2176 Janua,
1139 2130 1239 2179 quo
1264 2131 1444 2164 nemus

277 2210 287 2217 -
374 2180 519 2229 Inter
543 2181 756 2243 pulchra
785 2186 956 2229 satum
984 2187 1121 2231 tecta
1147 2184 1404 2246 remugiat

373 2246 576 2307 Ventis,
602 2255 655 2297 et
677 2249 876 2313 positas
907 2255 964 2297 ut
987 2251 1176 2314 glaciet
1201 2252 1348 2300 nives

513 2317 650 2365 Puro
676 2318 886 2365 numine
917 2317 951 2365 J
958 2317 1196 2382 uppiter?

373 2382 641 2446 Ingratam
668 2385 859 2434 Veneri
889 2401 1021 2450 pone
1048 2387 1353 2449 superbiam,

374 2449 457 2499 Ne
482 2458 714 2501 currente
741 2459 875 2502 retro
906 2455 1042 2503 funis
1066 2460 1151 2503 eat
1173 2460 1299 2504 rota.

374 2517 495 2567 Non
519 2526 569 2568 te
597 2521 889 2587 Penelopen
918 2523 1167 2572 difficilem
1192 2523 1360 2587 procis

511 2587 812 2651 Tyrrhenus
841 2593 1020 2655 genuit
1044 2607 1244 2656 parens.

377 2653 422 2702 Ο
448 2659 684 2719 quamvis
710 2675 872 2722 neque
893 2666 943 2708 te
971 2675 1181 2708 munera
1204 2675 1296 2708 nec
1320 2674 1494 2723 preces

377 2720 487 2771 Nec
510 2724 703 2773 tinctus
732 2727 865 2774 viola
889 2727 1052 2791 pallor
1075 2728 1358 2775 amantium

355 2863 378 2898 ὁ
397 2863 518 2900 aliam
623 2866 670 2901 13
690 2865 881 2903 deductos
984 2866 1029 2903 21
1052 2866 1237 2913 quamvis
1343 2866 1364 2903 6
1385 2865 1507 2902 situm

1653 144 1720 198 75

1665 628 1724 675 10

1665 965 1724 1011 15

1661 1304 1723 1349 20

1661 2450 1723 2498 10
