1878 3054
270 177 341 227 98

385 2829 508 2866 18-22
527 2827 732 2878 quibus—
747 2827 816 2863 sed
835 2826 911 2862 del.
931 2825 1096 2861 editores
1115 2825 1326 2872 complures

579 2879 630 2914 24
647 2888 851 2927 repressae
954 2876 1002 2911 36
1021 2875 1262 2911 dedecorant
1361 2873 1410 2909 42
1430 2872 1554 2909 durus
1599 2885 1602 2891 ’
1625 2872 1628 2876 ’

734 185 972 224 ΗΟΒΑΤΙ
1015 183 1362 225 CARMINVM
1406 199 1411 202 ’

474 319 752 383 Qualemve
789 318 938 366 laetis
975 313 1155 381 caprea
1187 317 1394 381 pascuis

471 387 680 434 Intenta
715 385 883 432 fulvae
919 385 1100 431 matris
1137 385 1200 432 ab
1236 385 1390 432 ubere

539 454 659 501 Jam
696 453 824 499 lacte
860 452 1126 515 depulsum
1164 451 1375 509 leonem,

610 519 775 567 Dente
812 534 944 566 novo
980 519 1226 581 peritura,
1264 517 1424 572 vidit:

472 587 661 636 Videre
699 586 880 634 Raetis
917 586 1051 633 bella
1087 586 1182 632 sub
1218 584 1440 647 Alpibus

474 655 703 703 Drusum
729 658 988 714 gerentem
1014 652 1302 712 Vindelici;
1341 651 1550 714 (quibus

540 721 658 768 Mos
693 720 826 767 unde
863 720 1111 767 deductus
1145 733 1234 782 per
1268 733 1415 766 omne

607 788 832 848 Tempus
870 787 1154 834 Amazonia
1188 785 1349 833 securi

476 854 699 902 Dextras
725 854 967 912 obarmet,
996 867 1234 916 quaerere
1260 851 1452 911 distuli,

477 921 586 970 Nec
612 922 735 968 scire
761 921 838 968 fas
862 926 942 968 est
966 920 1136 968 omnia
1153 919 1191 982 3)
1219 920 1307 968 sed
1332 919 1422 968 diu

543 988 769 1050 Lateque
807 988 1041 1035 victrices
1077 991 1309 1034 catervae

614 1054 856 1102 Consiliis
882 1054 1087 1116 juvenis
1123 1054 1343 1101 revictae

478 1122 691 1171 Sensere
716 1122 837 1185 quid
864 1137 1006 1169 mens
1031 1121 1140 1179 rite,
1168 1121 1287 1184 quid
1312 1119 1510 1168 indoles

476 1189 687 1238 Nutrita
711 1189 894 1236 faustis
922 1189 1016 1235 sub
1040 1187 1386 1251 penetralibus

545 1257 743 1316 Posset,
781 1256 903 1319 quid
942 1255 1169 1317 Augusti
1208 1259 1451 1317 paternus

611 1322 674 1370 In
710 1337 894 1385 pueros
931 1323 1130 1369 animus
1166 1322 1409 1369 Nerones

477 1390 661 1438 Fortes
687 1394 922 1445 creantur
947 1389 1163 1436 fortibus
1187 1394 1240 1436 et
1263 1387 1441 1449 bonis;

476 1458 576 1506 Est
599 1458 652 1504 in
679 1457 928 1518 juvencis,
957 1461 1036 1503 est
1061 1456 1111 1502 in
1137 1455 1279 1518 equis
1304 1459 1508 1517 patrum

543 1524 739 1582 Virtus,
766 1539 927 1586 neque
954 1522 1208 1570 imbellem
1233 1523 1422 1569 feroces

615 1592 964 1653 Progenerant
990 1589 1189 1652 aquilae
1215 1589 1532 1637 columbam:

477 1658 724 1707 Doctrina
747 1658 836 1706 sed
863 1658 963 1704 vim
990 1661 1257 1719 promovet
1280 1655 1503 1713 insitam,

478 1725 728 1787 Rectique
753 1725 920 1772 cultus
944 1729 1151 1786 pectora
1175 1723 1446 1783 roborant3

546 1792 834 1854 Utcumque
871 1791 1095 1839 defecere
1131 1804 1312 1847 mores,

612 1859 918 1906 Indecorant
943 1859 1070 1906 bene
1096 1863 1217 1904 nata
1243 1857 1431 1920 culpae.

480 1926 615 1988 Quid
641 1927 838 1983 debeas,
868 1941 896 1972 o
922 1925 1105 1981 Roma,
1134 1924 1436 1981 Neronibus,

479 1993 650 2041 Testis
676 1993 967 2040 Metaurum
995 1991 1192 2049 flumen,
1219 1995 1271 2038 et
1297 1988 1592 2038 Hasdrubal

544 2060 806 2117 Devictus,
843 2063 895 2106 et
930 2058 1138 2121 pulcher
1171 2058 1363 2119 fugatis

611 2126 706 2174 Ille
742 2126 850 2172 dies
887 2125 1040 2171 Latio
1076 2124 1314 2181 tenebris,

481 2193 580 2254 Qui
618 2193 814 2254 primus
852 2191 985 2238 alma
1021 2191 1134 2237 risit
1170 2191 1369 2247 adorea,

480 2259 637 2308 Dirus
670 2273 760 2322 per
794 2258 945 2304 urbes
984 2257 1111 2305 Afer
1147 2262 1204 2304 ut
1240 2257 1403 2304 Italas

549 2325 657 2374 Ceu
681 2325 885 2372 flamma
908 2339 997 2386 per
1022 2324 1202 2371 taedas
1226 2323 1307 2370 vel
1334 2323 1505 2370 Eurus

616 2392 715 2439 Per
752 2391 949 2440 Siculas
986 2390 1236 2453 equitavit
1270 2389 1448 2437 undas.

483 2459 612 2506 Post
636 2459 730 2506 hoc
755 2458 989 2505 secundis
1017 2473 1176 2520 usque
1199 2456 1459 2504 laboribus

482 2526 721 2574 Romana
755 2526 915 2588 pubes
952 2525 1124 2582 crevit,
1161 2528 1212 2571 et
1247 2522 1404 2586 impio

547 2592 770 2640 Vastata
808 2592 1093 2638 Poenorum
1129 2590 1352 2638 tumultu

618 2659 762 2706 Fana
796 2659 917 2706 deos
954 2658 1175 2705 habuere
1210 2661 1391 2715 rectos,

729 2776 776 2814 17
796 2775 916 2812 Raeti
1070 2775 1117 2810 18
1138 2777 1177 2811 et
1194 2772 1397 2810 Vindelici

1471 2822 1518 2858 21
1539 2821 1742 2859 subal-met

1762 454 1818 498 15

1761 1118 1821 1164 25

1761 1453 1823 1497 30

1759 1781 1821 1829 35

1767 2128 1829 2171 40

1764 2459 1825 2503 45
