1846 3034
184 182 292 236 218
605 194 846 235 HORA'H
887 197 1340 238 Ems‘rvnAva

185 327 343 376 Deme
370 330 637 392 supercilio
657 331 848 377 nubem
869 347 880 391 ;
917 331 1215 393 plerumque
1241 332 1508 379 modestus
1672 332 1735 379 90

187 395 416 458 Occupat
435 397 642 448 obscuri
668 397 901 459 speeiem,
929 397 1214 444 taciturnus
1240 398 1417 446 acerbi.

243 531 393 578 1nter
418 536 600 578 cuncta
623 531 761 593 leges
787 534 840 578 et
860 531 1224 594 percontabere
1249 533 1443 591 doctos,

184 598 298 658 Qua
322 598 518 645 ratione
545 614 701 660 queas
725 599 987 646 traducere
1014 599 1195 645 leniter
1220 614 1434 661 aevum;

182 664 320 711 Num
345 670 395 712 te
422 679 620 726 semper
642 665 792 726 inops
819 666 982 727 agitet
1007 671 1254 728 vexetque
1279 667 1478 729 cupido,

182 731 322 779 Num
346 747 505 793 pavor
531 737 583 779 et
606 747 774 779 rerum
800 733 1123 779 mediocriter
1147 733 1349 780 utilium
1374 748 1522 796 spes;
1674 740 1736 787 95

183 797 439 845 Virtutem
467 799 700 846 doctrina
724 804 883 861 paret,
913 806 1158 846 naturane
1183 800 1366 861 donet3

185 865 318 926 Quid
345 866 542 912 minuat
567 881 728 923 curas,
757 867 879 928 quid
904 871 954 914 te
979 867 1074 913 tibi
1100 867 1280 915 reddat
1304 867 1552 929 amicum;

183 933 319 993 Quid
345 948 467 994 pure
494 933 803 995 tranquillet,
834 933 992 980 honos
1018 949 1083 981 an
1107 934 1252 981 dulce
1278 934 1530 993 lucellum,

182 1000 269 1046 An
294 1005 544 1047 secretum
570 1001 665 1047 iter
691 1006 742 1047 et
768 1000 990 1047 fallentis
1014 1001 1199 1048 semita
1222 1002 1373 1049 vitae.

182 1066 269 1113 Me
295 1067 529 1129 quotiens
556 1067 712 1115 reficit
736 1067 938 1129 gelidus
969 1068 1211 1130 Digentia
1236 1069 1391 1127 rivus,
1649 1072 1742 1120 100

184 1135 346 1194 Quem
374 1133 616 1181 Mandela
640 1135 779 1192 bibit,
806 1150 1023 1196 rugosus
1051 1136 1233 1197 frigore
1258 1151 1437 1198 pagus,

184 1200 319 1261 Quid
343 1201 530 1248 sentire
555 1207 707 1263 putas
730 1200 749 1248 ἲ
786 1203 906 1264 quid
931 1203 1107 1261 credis,
1136 1202 1305 1260 amice,
1333 1201 1563 1266 precari?

183 1267 262 1314 Sit
288 1268 411 1314 mihi
437 1268 573 1330 quod
600 1283 730 1316 nunc
755 1276 848 1327 est,
876 1270 1030 1316 etiam
1057 1270 1257 1331 minus;
1293 1277 1346 1316 et
1371 1269 1495 1316 mihi
1521 1270 1693 1318 vivam

184 1335 332 1395 Quod
358 1340 594 1396 superest
617 1337 746 1393 aevi,
774 1337 818 1382 si
845 1337 967 1398 quid
993 1351 1261 1399 superesse
1287 1337 1467 1384 volunt
1491 1336 1577 1398 di,

183 1401 262 1448 Sit
287 1401 418 1448 bona
444 1402 685 1449 librorum
711 1408 762 1450 et
786 1404 1022 1464 provisae
1048 1405 1211 1466 frugis
1237 1404 1288 1451 in
1315 1419 1507 1450 annum

183 1468 358 1531 Copia,
387 1483 486 1516 neu
512 1468 702 1516 fluitem
729 1470 915 1517 dubiae
941 1485 1032 1532 spe
1056 1470 1312 1534 pendulus.
1333 1469 1515 1518 horae!

183 1535 284 1583 Sed
309 1536 437 1583 satis
463 1541 543 1583 est
565 1551 706 1583 orare
731 1536 766 1583 J
771 1552 918 1584 ovem
942 1553 1072 1599 quae
1099 1538 1244 1599 ponit
1267 1546 1320 1584 et
1345 1538 1535 1584 aufert:

183 1602 285 1650 Det
309 1602 485 1661 vitam,
512 1602 599 1650 det
624 1618 773 1664 opes;
811 1619 1029 1666 aequum
1054 1605 1125 1651 mi
1150 1604 1378 1651 animum
1402 1604 1509 1666 ipse
1535 1605 1737 1667 parabo.

885 1767 1039 1816 XIX.

183 1872 358 1919 Prisco
385 1871 426 1919 si
452 1872 628 1931 eredis,
655 1872 928 1920 Maecenas
953 1874 1112 1930 docte,
1144 1872 1370 1932 Cratino,

182 1939 337 1986 Nulla
362 1939 555 2001 placere
582 1940 670 1986 diu
696 1955 787 1987 nec
812 1941 984 1988 vivere
1010 1939 1237 1987 carmina
1259 1943 1474 2002 possunt

183 2007 324 2066 Quae
350 2006 637 2053 scribuntur
664 2022 824 2068 aquae
848 2006 1126 2070 potoribus.
1202 2006 1276 2054 Ut
1299 2006 1428 2053 male
1454 2020 1609 2053 sanos

182 2073 435 2133 Ascripsit
462 2072 613 2119 Liber
638 2072 840 2133 Satyris
866 2073 1156 2135 Faunisque
1180 2076 1370 2135 poetas,

182 2139 319 2186 Vina
344 2139 444 2186 fere
470 2140 643 2186 dulces
669 2139 903 2186 oluerunt
925 2154 1076 2187 mane
1103 2140 1370 2188 Camenae.
1713 2144 1743 2191 5

184 2205 446 2253 Laudibus
471 2207 706 2268 arguitur
730 2207 837 2253 vini
863 2207 1074 2254 vinosus
1100 2206 1357 2254 Homerus
1381 2223 1394 2268 ;

183 2273 383 2321 Ennius
410 2273 515 2335 ipse
542 2280 686 2335 pater
709 2287 990 2335 numquam
1016 2273 1114 2320 nisi
1138 2278 1290 2335 potus
1316 2274 1381 2321 ad
1407 2288 1550 2321 arma

184 2340 432 2388 Prosiluit
455 2340 682 2387 dicenda.
759 2344 787 2364 “
805 2340 996 2387 Forum
1021 2340 1294 2402 putealque
1321 2340 1534 2388 Libonis

184 2407 441 2455 Mandabo
467 2407 628 2464 siccis,
656 2407 881 2454 adimam
904 2414 1107 2454 cantare
1133 2407 1323 2454 severis
1339 2425 1352 2456 ε
1368 2408 1395 2434 ”

185 2474 300 2522 Hoc
326 2474 477 2521 simul
503 2473 653 2531 edixi,
681 2489 785 2521 non
807 2489 1068 2521 cessavere
1093 2479 1273 2535 poetae
1688 2475 1748 2522 10

185 2541 235 2588 N
240 2547 447 2588 octurno
473 2546 662 2588 certare
688 2555 841 2599 mero,
868 2546 1043 2602 putere
1069 2541 1262 2588 diurno.

187 2608 334 2668 Quid,
361 2608 407 2655 si
431 2608 544 2669 quis
572 2607 716 2654 voltu
738 2612 884 2653 torvo
911 2608 1043 2654 ferus
1068 2612 1120 2654 et
1143 2608 1268 2669 pede
1294 2608 1431 2655 nudo

186 2674 515 2736 Exiguaeque
540 2679 693 2735 togae
719 2674 922 2720 simulet
947 2679 1142 2720 textore
1171 2674 1431 2732 Catonem,

188 2739 511 2788 Virtutemne
536 2745 881 2803 repraesentet
905 2754 1171 2802 moresque
1199 2740 1448 2788 Catonis?

255 2859 315 2903 94,
336 2859 382 2894 95
402 2870 588 2904 ne—ne,
609 2869 839 2893 non—non
945 2857 1015 2894 107
1035 2856 1132 2893 haee
1152 2858 1249 2892 satis
1354 2858 1425 2895 107
1447 2857 1585 2893 Iovem
1603 2857 1674 2908 qui

681 2908 750 2945 107
771 2909 894 2944 donat
912 2911 951 2943 et
1056 2908 1100 2942 10
1121 2908 1248 2944 edixit
