<?xml version="1.0" encoding="UTF-8"?>
<!DOCTYPE html PUBLIC "-//W3C//DTD XHTML 1.0 Transitional//EN"
    "http://www.w3.org/TR/xhtml1/DTD/xhtml1-transitional.dtd">
<html xmlns="http://www.w3.org/1999/xhtml" xml:lang="en" lang="en">
 <head>
  <title>
</title>
<meta http-equiv="Content-Type" content="text/html;charset=utf-8" />
  <meta name='ocr-system' content='tesseract 3.04.00' />
  <meta name='ocr-capabilities' content='ocr_page ocr_carea ocr_par ocr_line ocrx_word'/>
</head>
<body>
  <div class='ocr_page' id='page_1' title='image "./workschase00horauoft_0092.png"; bbox 0 0 1878 3054; ppageno 0'>
   <div class='ocr_carea' id='block_1_1' title="bbox 230 143 302 196">
    <p class='ocr_par' dir='ltr' id='par_1_1' title="bbox 230 143 302 196">
     <span class='ocr_line' id='line_1_1' title="bbox 230 143 302 196; baseline 0.014 -1"><span class='ocrx_word' id='word_1_1' title='bbox 230 143 302 196; x_wconf 87' lang='lat'>88</span> 
     </span>
    </p>
   </div>
   <div class='ocr_carea' id='block_1_2' title="bbox 695 155 1326 199">
    <p class='ocr_par' dir='ltr' id='par_1_2' title="bbox 695 155 1326 199">
     <span class='ocr_line' id='line_1_2' title="bbox 695 155 1326 199; baseline 0.008 -7"><span class='ocrx_word' id='word_1_2' title='bbox 695 155 935 194; x_wconf 81' lang='lat' dir='ltr'><strong>HORA&#39;I&#39;I</strong></span> <span class='ocrx_word' id='word_1_3' title='bbox 979 158 1326 199; x_wconf 76' lang='lat' dir='ltr'><strong>CARMINVM</strong></span> 
     </span>
    </p>
   </div>
   <div class='ocr_carea' id='block_1_3' title="bbox 427 286 1510 954">
    <p class='ocr_par' dir='ltr' id='par_1_3' title="bbox 427 286 1510 954">
     <span class='ocr_line' id='line_1_3' title="bbox 497 286 1392 351; baseline 0.006 -18"><span class='ocrx_word' id='word_1_4' title='bbox 497 286 649 334; x_wconf 88' lang='lat' dir='ltr'>Nunc</span> <span class='ocrx_word' id='word_1_5' title='bbox 676 302 817 335; x_wconf 87' lang='lat' dir='ltr'>arma</span> <span class='ocrx_word' id='word_1_6' title='bbox 843 288 1236 351; x_wconf 85' lang='lat' dir='ltr'>defunctumque</span> <span class='ocrx_word' id='word_1_7' title='bbox 1261 290 1392 338; x_wconf 89' lang='lat' dir='ltr'>bello</span> 
     </span>
     <span class='ocr_line' id='line_1_4' title="bbox 564 353 1353 418; baseline 0.006 -19"><span class='ocrx_word' id='word_1_8' title='bbox 564 353 812 400; x_wconf 90' lang='lat' dir='ltr'>Barbiton</span> <span class='ocrx_word' id='word_1_9' title='bbox 838 355 920 402; x_wconf 90' lang='lat' dir='ltr'>hic</span> <span class='ocrx_word' id='word_1_10' title='bbox 944 356 1108 418; x_wconf 90' lang='lat' dir='ltr'>paries</span> <span class='ocrx_word' id='word_1_11' title='bbox 1135 356 1353 415; x_wconf 88' lang='lat' dir='ltr'>habebit,</span> 
     </span>
     <span class='ocr_line' id='line_1_5' title="bbox 431 418 1432 484; baseline 0.005 -18"><span class='ocrx_word' id='word_1_12' title='bbox 431 418 662 467; x_wconf 85' lang='lat' dir='ltr'><strong>Laevum</strong></span> <span class='ocrx_word' id='word_1_13' title='bbox 688 421 911 469; x_wconf 89' lang='lat' dir='ltr'>marinae</span> <span class='ocrx_word' id='word_1_14' title='bbox 938 423 1024 484; x_wconf 91' lang='lat' dir='ltr'>qui</span> <span class='ocrx_word' id='word_1_15' title='bbox 1050 423 1269 470; x_wconf 87' lang='lat' dir='ltr'>Veneris</span> <span class='ocrx_word' id='word_1_16' title='bbox 1294 424 1432 472; x_wconf 86' lang='lat' dir='ltr'>latus</span> 
     </span>
     <span class='ocr_line' id='line_1_6' title="bbox 433 486 1379 552; baseline 0.003 -18"><span class='ocrx_word' id='word_1_17' title='bbox 433 486 684 535; x_wconf 79' lang='lat' dir='ltr'><strong>Custodit.</strong></span> <span class='ocrx_word' id='word_1_18' title='bbox 761 487 876 547; x_wconf 81' lang='lat' dir='ltr'>Hic,</span> <span class='ocrx_word' id='word_1_19' title='bbox 906 489 986 536; x_wconf 88' lang='lat' dir='ltr'>hic</span> <span class='ocrx_word' id='word_1_20' title='bbox 1010 489 1185 552; x_wconf 79' lang='lat' dir='ltr'>ponite</span> <span class='ocrx_word' id='word_1_21' title='bbox 1210 490 1379 538; x_wconf 88' lang='lat' dir='ltr'>lucida</span> 
     </span>
     <span class='ocr_line' id='line_1_7' title="bbox 497 553 1278 604; baseline 0.006 -5"><span class='ocrx_word' id='word_1_22' title='bbox 497 553 715 601; x_wconf 87' lang='lat' dir='ltr'>Funalia</span> <span class='ocrx_word' id='word_1_23' title='bbox 750 559 801 601; x_wconf 90' lang='lat' dir='ltr'>et</span> <span class='ocrx_word' id='word_1_24' title='bbox 838 560 1009 602; x_wconf 78' lang='lat' dir='ltr'>vectes</span> <span class='ocrx_word' id='word_1_25' title='bbox 1044 560 1097 603; x_wconf 91' lang='lat' dir='ltr'>et</span> <span class='ocrx_word' id='word_1_26' title='bbox 1133 571 1278 604; x_wconf 89' lang='lat' dir='ltr'>arcus</span> 
     </span>
     <span class='ocr_line' id='line_1_8' title="bbox 566 619 1330 683; baseline 0.005 -16"><span class='ocrx_word' id='word_1_27' title='bbox 566 619 828 683; x_wconf 89' lang='lat' dir='ltr'>Oppositis</span> <span class='ocrx_word' id='word_1_28' title='bbox 865 622 1057 670; x_wconf 83' lang='lat' dir='ltr'>foribus</span> <span class='ocrx_word' id='word_1_29' title='bbox 1092 623 1330 672; x_wconf 81' lang='lat' dir='ltr'>minaces.</span> 
     </span>
     <span class='ocr_line' id='line_1_9' title="bbox 431 686 1510 753; baseline 0.006 -19"><span class='ocrx_word' id='word_1_30' title='bbox 431 686 476 735; x_wconf 93' lang='lat' dir='ltr'>O</span> <span class='ocrx_word' id='word_1_31' title='bbox 502 702 630 750; x_wconf 92' lang='lat' dir='ltr'>quae</span> <span class='ocrx_word' id='word_1_32' title='bbox 657 688 859 735; x_wconf 79' lang='lat' dir='ltr'>beatam</span> <span class='ocrx_word' id='word_1_33' title='bbox 885 689 1005 736; x_wconf 89' lang='lat' dir='ltr'>diva</span> <span class='ocrx_word' id='word_1_34' title='bbox 1028 695 1172 737; x_wconf 92' lang='lat' dir='ltr'>tenes</span> <span class='ocrx_word' id='word_1_35' title='bbox 1201 690 1428 753; x_wconf 86' lang='lat' dir='ltr'>Cyprum</span> <span class='ocrx_word' id='word_1_36' title='bbox 1456 696 1510 740; x_wconf 88' lang='lat' dir='ltr'>et</span> 
     </span>
     <span class='ocr_line' id='line_1_10' title="bbox 427 753 1395 816; baseline 0.005 -16"><span class='ocrx_word' id='word_1_37' title='bbox 427 753 693 816; x_wconf 90' lang='lat' dir='ltr'>Memphin</span> <span class='ocrx_word' id='word_1_38' title='bbox 720 761 974 804; x_wconf 84' lang='lat' dir='ltr'>carentem</span> <span class='ocrx_word' id='word_1_39' title='bbox 1004 756 1240 805; x_wconf 86' lang='lat' dir='ltr'>Sithonia</span> <span class='ocrx_word' id='word_1_40' title='bbox 1263 758 1395 816; x_wconf 88' lang='lat' dir='ltr'>nive,</span> 
     </span>
     <span class='ocr_line' id='line_1_11' title="bbox 495 821 1198 886; baseline 0.004 -18"><span class='ocrx_word' id='word_1_41' title='bbox 495 821 714 883; x_wconf 86' lang='lat' dir='ltr'>Regina,</span> <span class='ocrx_word' id='word_1_42' title='bbox 755 823 961 870; x_wconf 90' lang='lat' dir='ltr'>sublimi</span> <span class='ocrx_word' id='word_1_43' title='bbox 998 823 1198 886; x_wconf 88' lang='lat' dir='ltr'>flagello</span> 
     </span>
     <span class='ocr_line' id='line_1_12' title="bbox 561 888 1509 954; baseline 0.005 -19"><span class='ocrx_word' id='word_1_44' title='bbox 561 888 736 951; x_wconf 86' lang='lat' dir='ltr'>Tange</span> <span class='ocrx_word' id='word_1_45' title='bbox 769 889 961 937; x_wconf 75' lang='lat' dir='ltr'>Chloen</span> <span class='ocrx_word' id='word_1_46' title='bbox 988 891 1144 938; x_wconf 90' lang='lat' dir='ltr'>semel</span> <span class='ocrx_word' id='word_1_47' title='bbox 1172 895 1509 954; x_wconf 84' lang='lat' dir='ltr'>arrogantem.</span> 
     </span>
    </p>
   </div>
   <div class='ocr_carea' id='block_1_4' title="bbox 892 1041 1130 1091">
    <p class='ocr_par' dir='ltr' id='par_1_4' title="bbox 892 1041 1130 1091">
     <span class='ocr_line' id='line_1_13' title="bbox 892 1041 1130 1091; baseline 0.008 -2"><span class='ocrx_word' id='word_1_48' title='bbox 892 1041 1130 1091; x_wconf 90' lang='lat' dir='ltr'>XXVII.</span> 
     </span>
    </p>
   </div>
   <div class='ocr_carea' id='block_1_5' title="bbox 421 1142 1526 2478">
    <p class='ocr_par' dir='ltr' id='par_1_5' title="bbox 421 1142 1526 2478">
     <span class='ocr_line' id='line_1_14' title="bbox 425 1142 1331 1207; baseline 0.003 -15"><span class='ocrx_word' id='word_1_49' title='bbox 425 1142 620 1206; x_wconf 92' lang='lat' dir='ltr'>Impios</span> <span class='ocrx_word' id='word_1_50' title='bbox 654 1158 835 1207; x_wconf 89' lang='lat' dir='ltr'>parrae</span> <span class='ocrx_word' id='word_1_51' title='bbox 873 1145 1147 1194; x_wconf 91' lang='lat' dir='ltr'>recinentis</span> <span class='ocrx_word' id='word_1_52' title='bbox 1183 1161 1331 1195; x_wconf 91' lang='lat' dir='ltr'>omen</span> 
     </span>
     <span class='ocr_line' id='line_1_15' title="bbox 427 1210 1526 1279; baseline 0.006 -22"><span class='ocrx_word' id='word_1_53' title='bbox 427 1210 598 1258; x_wconf 89' lang='lat' dir='ltr'>Ducat</span> <span class='ocrx_word' id='word_1_54' title='bbox 623 1216 674 1258; x_wconf 90' lang='lat' dir='ltr'>et</span> <span class='ocrx_word' id='word_1_55' title='bbox 698 1226 990 1274; x_wconf 81' lang='lat' dir='ltr'>praegnans</span> <span class='ocrx_word' id='word_1_56' title='bbox 1015 1214 1169 1271; x_wconf 83' lang='lat' dir='ltr'>caniS‚</span> <span class='ocrx_word' id='word_1_57' title='bbox 1198 1220 1289 1262; x_wconf 91' lang='lat' dir='ltr'>aut</span> <span class='ocrx_word' id='word_1_58' title='bbox 1314 1215 1378 1263; x_wconf 89' lang='lat' dir='ltr'>ab</span> <span class='ocrx_word' id='word_1_59' title='bbox 1403 1230 1526 1279; x_wconf 85' lang='lat' dir='ltr'>agro</span> 
     </span>
     <span class='ocr_line' id='line_1_16' title="bbox 426 1276 1355 1341; baseline 0.005 -17"><span class='ocrx_word' id='word_1_60' title='bbox 426 1276 577 1325; x_wconf 86' lang='lat' dir='ltr'>Rava</span> <span class='ocrx_word' id='word_1_61' title='bbox 613 1278 885 1326; x_wconf 79' lang='lat' dir='ltr'>decurrens</span> <span class='ocrx_word' id='word_1_62' title='bbox 922 1279 1044 1341; x_wconf 89' lang='lat' dir='ltr'>lupa</span> <span class='ocrx_word' id='word_1_63' title='bbox 1082 1280 1355 1330; x_wconf 87' lang='lat' dir='ltr'>Lanuvino</span> 
     </span>
     <span class='ocr_line' id='line_1_17' title="bbox 626 1344 1102 1410; baseline 0.006 -19"><span class='ocrx_word' id='word_1_64' title='bbox 626 1344 855 1407; x_wconf 86' lang='lat' dir='ltr'>Fetaque</span> <span class='ocrx_word' id='word_1_65' title='bbox 894 1346 1102 1410; x_wconf 79' lang='lat' dir='ltr'>volpes3</span> 
     </span>
     <span class='ocr_line' id='line_1_18' title="bbox 426 1410 1425 1476; baseline 0.006 -18"><span class='ocrx_word' id='word_1_66' title='bbox 426 1410 643 1474; x_wconf 86' lang='lat' dir='ltr'>Rumpit</span> <span class='ocrx_word' id='word_1_67' title='bbox 685 1416 735 1458; x_wconf 89' lang='lat' dir='ltr'>et</span> <span class='ocrx_word' id='word_1_68' title='bbox 761 1426 970 1474; x_wconf 89' lang='lat' dir='ltr'>serpens</span> <span class='ocrx_word' id='word_1_69' title='bbox 995 1414 1093 1461; x_wconf 88' lang='lat' dir='ltr'>iter</span> <span class='ocrx_word' id='word_1_70' title='bbox 1116 1413 1425 1476; x_wconf 89' lang='lat' dir='ltr'>institutum,</span> 
     </span>
     <span class='ocr_line' id='line_1_19' title="bbox 428 1477 1337 1543; baseline 0.006 -19"><span class='ocrx_word' id='word_1_71' title='bbox 428 1477 482 1525; x_wconf 82' lang='lat' dir='ltr'>Si</span> <span class='ocrx_word' id='word_1_72' title='bbox 506 1493 596 1541; x_wconf 92' lang='lat' dir='ltr'>per</span> <span class='ocrx_word' id='word_1_73' title='bbox 622 1478 881 1541; x_wconf 92' lang='lat' dir='ltr'>obliquum</span> <span class='ocrx_word' id='word_1_74' title='bbox 910 1480 1088 1528; x_wconf 90' lang='lat' dir='ltr'>similis</span> <span class='ocrx_word' id='word_1_75' title='bbox 1115 1482 1337 1543; x_wconf 82' lang='lat' dir='ltr'>sagittae</span> 
     </span>
     <span class='ocr_line' id='line_1_20' title="bbox 426 1544 1382 1609; baseline 0.006 -18"><span class='ocrx_word' id='word_1_76' title='bbox 426 1544 628 1592; x_wconf 85' lang='lat' dir='ltr'>Terruit</span> <span class='ocrx_word' id='word_1_77' title='bbox 653 1560 898 1594; x_wconf 91' lang='lat' dir='ltr'>mannos:</span> <span class='ocrx_word' id='word_1_78' title='bbox 937 1562 1047 1609; x_wconf 89' lang='lat' dir='ltr'>eg0,</span> <span class='ocrx_word' id='word_1_79' title='bbox 1074 1548 1154 1595; x_wconf 92' lang='lat' dir='ltr'>cui</span> <span class='ocrx_word' id='word_1_80' title='bbox 1180 1548 1382 1609; x_wconf 85' lang='lat' dir='ltr'>timebo,</span> 
     </span>
     <span class='ocr_line' id='line_1_21' title="bbox 627 1612 1126 1676; baseline 0.008 -18"><span class='ocrx_word' id='word_1_81' title='bbox 627 1612 884 1661; x_wconf 87' lang='lat' dir='ltr'>Providus</span> <span class='ocrx_word' id='word_1_82' title='bbox 921 1629 1126 1676; x_wconf 85' lang='lat' dir='ltr'>auspex,</span> 
     </span>
     <span class='ocr_line' id='line_1_22' title="bbox 424 1677 1406 1745; baseline 0.004 -18"><span class='ocrx_word' id='word_1_83' title='bbox 424 1677 719 1741; x_wconf 86' lang='lat' dir='ltr'>Antequam</span> <span class='ocrx_word' id='word_1_84' title='bbox 747 1684 944 1728; x_wconf 90' lang='lat' dir='ltr'>stantes</span> <span class='ocrx_word' id='word_1_85' title='bbox 969 1686 1167 1745; x_wconf 87' lang='lat' dir='ltr'>repetat</span> <span class='ocrx_word' id='word_1_86' title='bbox 1189 1681 1406 1744; x_wconf 86' lang='lat' dir='ltr'>paludes</span> 
     </span>
     <span class='ocr_line' id='line_1_23' title="bbox 423 1745 1403 1809; baseline 0.003 -15"><span class='ocrx_word' id='word_1_87' title='bbox 423 1745 672 1794; x_wconf 90' lang='lat' dir='ltr'>Imbrium</span> <span class='ocrx_word' id='word_1_88' title='bbox 700 1746 875 1794; x_wconf 90' lang='lat' dir='ltr'>divina</span> <span class='ocrx_word' id='word_1_89' title='bbox 902 1748 1012 1795; x_wconf 84' lang='lat' dir='ltr'>avis</span> <span class='ocrx_word' id='word_1_90' title='bbox 1037 1748 1403 1809; x_wconf 90' lang='lat' dir='ltr'>imminentum,</span> 
     </span>
     <span class='ocr_line' id='line_1_24' title="bbox 426 1811 1357 1876; baseline 0.004 -16"><span class='ocrx_word' id='word_1_91' title='bbox 426 1811 662 1860; x_wconf 89' lang='lat' dir='ltr'>Oscinem</span> <span class='ocrx_word' id='word_1_92' title='bbox 693 1828 900 1861; x_wconf 88' lang='lat' dir='ltr'>corvum</span> <span class='ocrx_word' id='word_1_93' title='bbox 924 1830 1073 1876; x_wconf 90' lang='lat' dir='ltr'>prece</span> <span class='ocrx_word' id='word_1_94' title='bbox 1099 1815 1357 1864; x_wconf 89' lang='lat' dir='ltr'>suscitabo</span> 
     </span>
     <span class='ocr_line' id='line_1_25' title="bbox 624 1879 1022 1930; baseline 0.008 -4"><span class='ocrx_word' id='word_1_95' title='bbox 624 1879 758 1927; x_wconf 85' lang='lat' dir='ltr'>Solis</span> <span class='ocrx_word' id='word_1_96' title='bbox 796 1881 859 1928; x_wconf 89' lang='lat' dir='ltr'>ab</span> <span class='ocrx_word' id='word_1_97' title='bbox 897 1887 1022 1930; x_wconf 91' lang='lat' dir='ltr'>ortu.</span> 
     </span>
     <span class='ocr_line' id='line_1_26' title="bbox 424 1944 1338 2012; baseline 0.005 -20"><span class='ocrx_word' id='word_1_98' title='bbox 424 1944 505 1993; x_wconf 90' lang='lat' dir='ltr'>Sis</span> <span class='ocrx_word' id='word_1_99' title='bbox 530 1945 647 1993; x_wconf 89' lang='lat' dir='ltr'>licet</span> <span class='ocrx_word' id='word_1_100' title='bbox 670 1947 803 2005; x_wconf 85' lang='lat' dir='ltr'>felix,</span> <span class='ocrx_word' id='word_1_101' title='bbox 831 1948 1132 2012; x_wconf 89' lang='lat' dir='ltr'>ubicumque</span> <span class='ocrx_word' id='word_1_102' title='bbox 1156 1950 1338 2009; x_wconf 85' lang='lat' dir='ltr'>mavis,</span> 
     </span>
     <span class='ocr_line' id='line_1_27' title="bbox 423 2011 1366 2076; baseline 0.007 -18"><span class='ocrx_word' id='word_1_103' title='bbox 423 2011 494 2059; x_wconf 87' lang='lat' dir='ltr'>Et</span> <span class='ocrx_word' id='word_1_104' title='bbox 519 2027 711 2060; x_wconf 91' lang='lat' dir='ltr'>memor</span> <span class='ocrx_word' id='word_1_105' title='bbox 736 2015 910 2073; x_wconf 93' lang='lat' dir='ltr'>nostri,</span> <span class='ocrx_word' id='word_1_106' title='bbox 941 2015 1171 2075; x_wconf 85' lang='lat' dir='ltr'>Galatea,</span> <span class='ocrx_word' id='word_1_107' title='bbox 1200 2017 1366 2076; x_wconf 84' lang='lat' dir='ltr'>vivas,</span> 
     </span>
     <span class='ocr_line' id='line_1_28' title="bbox 423 2078 1346 2146; baseline 0.007 -21"><span class='ocrx_word' id='word_1_108' title='bbox 423 2078 594 2141; x_wconf 86' lang='lat' dir='ltr'>Teque</span> <span class='ocrx_word' id='word_1_109' title='bbox 618 2095 709 2128; x_wconf 92' lang='lat' dir='ltr'>nec</span> <span class='ocrx_word' id='word_1_110' title='bbox 735 2080 913 2128; x_wconf 86' lang='lat' dir='ltr'>laevus</span> <span class='ocrx_word' id='word_1_111' title='bbox 939 2087 1079 2129; x_wconf 84' lang='lat' dir='ltr'>vetet</span> <span class='ocrx_word' id='word_1_112' title='bbox 1103 2083 1174 2130; x_wconf 93' lang='lat' dir='ltr'>ire</span> <span class='ocrx_word' id='word_1_113' title='bbox 1199 2083 1346 2146; x_wconf 90' lang='lat' dir='ltr'>picus</span> 
     </span>
     <span class='ocr_line' id='line_1_29' title="bbox 620 2146 1124 2209; baseline 0.006 -16"><span class='ocrx_word' id='word_1_114' title='bbox 620 2146 728 2194; x_wconf 90' lang='lat' dir='ltr'>Nec</span> <span class='ocrx_word' id='word_1_115' title='bbox 766 2163 910 2209; x_wconf 58' lang='lat' dir='ltr'>vaga,</span> <span class='ocrx_word' id='word_1_116' title='bbox 939 2150 1124 2197; x_wconf 90' lang='lat' dir='ltr'>cornix.</span> 
     </span>
     <span class='ocr_line' id='line_1_30' title="bbox 423 2210 1406 2278; baseline 0.005 -19"><span class='ocrx_word' id='word_1_117' title='bbox 423 2210 525 2260; x_wconf 81' lang='lat' dir='ltr'>Sed</span> <span class='ocrx_word' id='word_1_118' title='bbox 550 2213 694 2260; x_wconf 88' lang='lat' dir='ltr'>vides</span> <span class='ocrx_word' id='word_1_119' title='bbox 721 2220 912 2276; x_wconf 90' lang='lat' dir='ltr'>quanto</span> <span class='ocrx_word' id='word_1_120' title='bbox 937 2216 1154 2278; x_wconf 88' lang='lat' dir='ltr'>trepidet</span> <span class='ocrx_word' id='word_1_121' title='bbox 1178 2216 1406 2265; x_wconf 86' lang='lat' dir='ltr'>tumultu</span> 
     </span>
     <span class='ocr_line' id='line_1_31' title="bbox 421 2278 1379 2345; baseline 0.004 -19"><span class='ocrx_word' id='word_1_122' title='bbox 421 2278 620 2327; x_wconf 92' lang='lat' dir='ltr'>Pronus</span> <span class='ocrx_word' id='word_1_123' title='bbox 647 2279 821 2329; x_wconf 87' lang='lat' dir='ltr'>Orion.</span> <span class='ocrx_word' id='word_1_124' title='bbox 895 2282 1009 2344; x_wconf 89' lang='lat' dir='ltr'>Ego</span> <span class='ocrx_word' id='word_1_125' title='bbox 1036 2283 1155 2345; x_wconf 90' lang='lat' dir='ltr'>quid</span> <span class='ocrx_word' id='word_1_126' title='bbox 1180 2283 1246 2330; x_wconf 90' lang='lat' dir='ltr'>sit</span> <span class='ocrx_word' id='word_1_127' title='bbox 1271 2288 1379 2330; x_wconf 90' lang='lat' dir='ltr'>ater</span> 
     </span>
     <span class='ocr_line' id='line_1_32' title="bbox 422 2345 1376 2412; baseline 0.005 -20"><span class='ocrx_word' id='word_1_128' title='bbox 422 2345 649 2394; x_wconf 91' lang='lat' dir='ltr'>Hadriae</span> <span class='ocrx_word' id='word_1_129' title='bbox 675 2348 795 2394; x_wconf 86' lang='lat' dir='ltr'>novi</span> <span class='ocrx_word' id='word_1_130' title='bbox 823 2348 980 2407; x_wconf 90' lang='lat' dir='ltr'>sinus,</span> <span class='ocrx_word' id='word_1_131' title='bbox 1007 2354 1058 2396; x_wconf 92' lang='lat' dir='ltr'>et</span> <span class='ocrx_word' id='word_1_132' title='bbox 1083 2349 1205 2412; x_wconf 92' lang='lat' dir='ltr'>quid</span> <span class='ocrx_word' id='word_1_133' title='bbox 1231 2350 1376 2397; x_wconf 89' lang='lat' dir='ltr'>albus</span> 
     </span>
     <span class='ocr_line' id='line_1_33' title="bbox 621 2414 1019 2478; baseline 0 -17"><span class='ocrx_word' id='word_1_134' title='bbox 621 2414 804 2462; x_wconf 89' lang='lat' dir='ltr'>Peccet</span> <span class='ocrx_word' id='word_1_135' title='bbox 842 2416 1019 2478; x_wconf 82' lang='lat' dir='ltr'>Iapyx.</span> 
     </span>
    </p>
   </div>
   <div class='ocr_carea' id='block_1_6' title="bbox 389 2479 1342 2546">
    <p class='ocr_par' dir='ltr' id='par_1_6' title="bbox 389 2479 1342 2546">
     <span class='ocr_line' id='line_1_34' title="bbox 389 2479 1342 2546; baseline 0.003 -19"><span class='ocrx_word' id='word_1_136' title='bbox 389 2480 391 2482; x_wconf 79' lang='grc'><strong>’</strong></span> <span class='ocrx_word' id='word_1_137' title='bbox 420 2479 665 2528; x_wconf 90' lang='lat' dir='ltr'>Hostium</span> <span class='ocrx_word' id='word_1_138' title='bbox 691 2496 874 2529; x_wconf 91' lang='lat' dir='ltr'>uxores</span> <span class='ocrx_word' id='word_1_139' title='bbox 899 2483 1140 2546; x_wconf 90' lang='lat' dir='ltr'>puerique</span> <span class='ocrx_word' id='word_1_140' title='bbox 1167 2497 1342 2530; x_wconf 89' lang='lat' dir='ltr'>caecos</span> 
     </span>
    </p>
   </div>
   <div class='ocr_carea' id='block_1_7' title="bbox 417 2545 1491 2745">
    <p class='ocr_par' dir='ltr' id='par_1_7' title="bbox 417 2545 1491 2745">
     <span class='ocr_line' id='line_1_35' title="bbox 420 2545 1368 2597; baseline 0.004 -4"><span class='ocrx_word' id='word_1_141' title='bbox 420 2545 656 2595; x_wconf 86' lang='lat' dir='ltr'>Sentiant</span> <span class='ocrx_word' id='word_1_142' title='bbox 681 2554 850 2596; x_wconf 90' lang='lat' dir='ltr'>motus</span> <span class='ocrx_word' id='word_1_143' title='bbox 876 2550 1081 2597; x_wconf 88' lang='lat' dir='ltr'>orientis</span> <span class='ocrx_word' id='word_1_144' title='bbox 1107 2550 1290 2597; x_wconf 89' lang='lat' dir='ltr'>Austri</span> <span class='ocrx_word' id='word_1_145' title='bbox 1315 2554 1368 2597; x_wconf 93' lang='lat' dir='ltr'>et</span> 
     </span>
     <span class='ocr_line' id='line_1_36' title="bbox 417 2613 1491 2677; baseline 0.004 -17"><span class='ocrx_word' id='word_1_146' title='bbox 417 2613 672 2676; x_wconf 83' lang='lat' dir='ltr'>Aequoris</span> <span class='ocrx_word' id='word_1_147' title='bbox 697 2615 830 2677; x_wconf 88' lang='lat' dir='ltr'>nigri</span> <span class='ocrx_word' id='word_1_148' title='bbox 857 2617 1111 2664; x_wconf 88' lang='lat' dir='ltr'>fremitum</span> <span class='ocrx_word' id='word_1_149' title='bbox 1138 2623 1190 2664; x_wconf 90' lang='lat' dir='ltr'>et</span> <span class='ocrx_word' id='word_1_150' title='bbox 1214 2621 1491 2665; x_wconf 89' lang='lat' dir='ltr'>trementes</span> 
     </span>
     <span class='ocr_line' id='line_1_37' title="bbox 616 2681 1024 2745; baseline 0.007 -17"><span class='ocrx_word' id='word_1_151' title='bbox 616 2681 836 2729; x_wconf 89' lang='lat' dir='ltr'>Verbere</span> <span class='ocrx_word' id='word_1_152' title='bbox 873 2683 1024 2745; x_wconf 89' lang='lat' dir='ltr'>ripas.</span> 
     </span>
    </p>
   </div>
   <div class='ocr_carea' id='block_1_8' title="bbox 1720 762 1781 811">
    <p class='ocr_par' dir='ltr' id='par_1_8' title="bbox 1720 762 1781 811">
     <span class='ocr_line' id='line_1_38' title="bbox 1720 762 1781 811; baseline 0.033 -2"><span class='ocrx_word' id='word_1_153' title='bbox 1720 762 1781 811; x_wconf 88' lang='grc'>10</span> 
     </span>
    </p>
   </div>
   <div class='ocr_carea' id='block_1_9' title="bbox 1714 1724 1791 1797">
    <p class='ocr_par' dir='ltr' id='par_1_9' title="bbox 1714 1724 1791 1797">
     <span class='ocr_line' id='line_1_39' title="bbox 1714 1724 1791 1797; baseline 0.013 -1"><span class='ocrx_word' id='word_1_154' title='bbox 1714 1724 1791 1797; x_wconf 69' lang='grc' dir='ltr'>ω’</span> 
     </span>
    </p>
   </div>
   <div class='ocr_carea' id='block_1_10' title="bbox 1703 2418 1767 2464">
    <p class='ocr_par' dir='ltr' id='par_1_10' title="bbox 1703 2418 1767 2464">
     <span class='ocr_line' id='line_1_40' title="bbox 1703 2418 1767 2464; baseline 0 0"><span class='ocrx_word' id='word_1_155' title='bbox 1703 2418 1767 2464; x_wconf 85' lang='grc'>20</span> 
     </span>
    </p>
   </div>
   <div class='ocr_carea' id='block_1_11' title="bbox 267 2807 1728 2865">
    <p class='ocr_par' dir='ltr' id='par_1_11' title="bbox 267 2807 1728 2865">
     <span class='ocr_line' id='line_1_41' title="bbox 267 2807 1728 2865; baseline 0.004 -19"><span class='ocrx_word' id='word_1_156' title='bbox 267 2807 288 2846; x_wconf 81' lang='grc'><strong>7</strong></span> <span class='ocrx_word' id='word_1_157' title='bbox 309 2808 436 2845; x_wconf 80' lang='lat' dir='ltr'>ascias</span> <span class='ocrx_word' id='word_1_158' title='bbox 455 2809 509 2847; x_wconf 83' lang='lat' dir='ltr'>K.</span> <span class='ocrx_word' id='word_1_159' title='bbox 525 2823 544 2846; x_wconf 86' lang='lat' dir='ltr'>e</span> <span class='ocrx_word' id='word_1_160' title='bbox 559 2811 778 2846; x_wconf 78' lang='lat' dir='ltr'>coniectura</span> <span class='ocrx_word' id='word_1_161' title='bbox 830 2812 852 2847; x_wconf 87' lang='lat'>9</span> <span class='ocrx_word' id='word_1_162' title='bbox 865 2812 970 2859; x_wconf 85' lang='lat' dir='ltr'>regis</span> <span class='ocrx_word' id='word_1_163' title='bbox 1022 2813 1257 2863; x_wconf 81' lang='lat' dir='ltr'>2praegnas</span> <span class='ocrx_word' id='word_1_164' title='bbox 1309 2814 1483 2864; x_wconf 78' lang='lat' dir='ltr'>4vulpes</span> <span class='ocrx_word' id='word_1_165' title='bbox 1536 2815 1557 2850; x_wconf 86' lang='lat'>5</span> <span class='ocrx_word' id='word_1_166' title='bbox 1570 2818 1728 2865; x_wconf 75' lang='lat' dir='ltr'>rumpat</span> 
     </span>
    </p>
   </div>
   <div class='ocr_carea' id='block_1_12' title="bbox 341 2859 1635 2913">
    <p class='ocr_par' dir='ltr' id='par_1_12' title="bbox 341 2859 1635 2913">
     <span class='ocr_line' id='line_1_42' title="bbox 341 2859 1635 2913; baseline 0.005 -18"><span class='ocrx_word' id='word_1_167' title='bbox 341 2859 362 2896; x_wconf 80' lang='lat'><strong><em>7</em></strong></span> <span class='ocrx_word' id='word_1_168' title='bbox 381 2871 462 2905; x_wconf 82' lang='lat' dir='ltr'>eur,</span> <span class='ocrx_word' id='word_1_169' title='bbox 484 2860 582 2909; x_wconf 85' lang='lat' dir='ltr'>quid</span> <span class='ocrx_word' id='word_1_170' title='bbox 637 2862 682 2896; x_wconf 84' lang='lat'>15</span> <span class='ocrx_word' id='word_1_171' title='bbox 702 2861 803 2898; x_wconf 83' lang='lat' dir='ltr'>levis</span> <span class='ocrx_word' id='word_1_172' title='bbox 857 2863 903 2898; x_wconf 80' lang='lat'>15</span> <span class='ocrx_word' id='word_1_173' title='bbox 923 2865 1036 2899; x_wconf 81' lang='lat' dir='ltr'>vetat</span> <span class='ocrx_word' id='word_1_174' title='bbox 1088 2863 1135 2900; x_wconf 76' lang='lat'>17</span> <span class='ocrx_word' id='word_1_175' title='bbox 1154 2864 1332 2913; x_wconf 83' lang='lat' dir='ltr'>trepidat</span> <span class='ocrx_word' id='word_1_176' title='bbox 1393 2865 1441 2901; x_wconf 83' lang='lat'>22</span> <span class='ocrx_word' id='word_1_177' title='bbox 1461 2866 1635 2902; x_wconf 80' lang='lat' dir='ltr'>sentient</span> 
     </span>
    </p>
   </div>
  </div>
 </body>
</html>
