1878 3054
178 162 280 214 172
628 174 870 214 HORA'I'I
913 175 1283 215 SA'mssARvn

176 306 303 355 Cum
330 307 552 370 prudens
578 307 742 354 scelus
770 308 834 354 ob
860 308 1040 355 titulos
1066 307 1294 355 admittis
1319 308 1510 367 inanes,

176 373 294 422 Stas
332 374 515 431 anim0,
543 379 596 421 et
620 390 801 436 purum
838 381 917 422 est
944 375 1068 422 vitio
1093 375 1198 433 tibi,
1220 390 1335 422 cum
1360 377 1613 424 tumidum
1639 381 1732 436 est,

375 456 459 489 cor
477 440 496 488 ἶ)

175 506 229 555 Si
255 508 369 570 quis
396 509 575 555 lectica
600 508 815 556 nitidam
843 513 1045 570 gestare
1072 513 1208 556 amet
1233 524 1432 570 agnam,

173 574 307 622 Huic
326 582 533 634 vestem,
549 581 606 622 ut
622 582 826 636 gnatae,
840 581 997 637 paret,
1014 576 1224 623 ancillas
1239 582 1395 639 paret,
1411 592 1605 636 aurum,
1644 581 1737 627 215

174 642 362 689 Rufam
390 648 478 688 aut
506 642 755 689 Pusillam
783 642 1016 704 appellet,
1043 642 1261 705 fortique
1285 643 1467 690 marito

174 708 412 755 Destinet
437 723 661 767 uxorem,
689 709 960 756 interdicto
987 709 1103 757 huic
1130 724 1277 756 omne
1303 710 1499 757 adimat
1525 711 1610 771 jus

173 774 401 833 Praetor,
430 781 482 823 et
507 776 570 823 ad
598 791 752 823 sanos
780 776 930 823 abeat
955 777 1117 823 tutela
1139 777 1462 839 propinquos.

173 841 347 903 Quid?
386 843 428 889 si
454 842 566 905 quis
593 848 806 904 gnatam
833 857 925 904 pro
951 848 1093 890 muta
1116 843 1334 891 devovet
1359 859 1508 906 agna,

172 908 379 971 Integer
402 915 482 956 est
507 909 702 957 animi?
775 909 853 956 Ne
880 910 1081 957 dixeris.
1128 922 1139 937 ·-
1159 910 1299 972 Ergo
1325 911 1410 957 ubi
1434 926 1595 973 prava
1645 915 1739 960 220

173 974 415 1034 Stultitia,
444 976 524 1023 hic
551 991 752 1023 summa
777 982 858 1024 est
882 977 1111 1037 insania;
1146 977 1234 1039 qui
1260 977 1548 1036 sceleratus,

172 1042 242 1089 Et
266 1043 487 1090 furiosus
513 1044 609 1090 erit
635 1061 646 1103 3
684 1059 832 1106 quem
863 1044 996 1106 cepit
1020 1044 1185 1090 vitrea
1210 1044 1359 1101 fama,

174 1109 325 1157 Hunc
351 1110 707 1157 circumtonuit
733 1110 965 1172 gaudens
991 1110 1203 1158 Bellona
1226 1111 1461 1159 cruentis.

239 1234 389 1282 Nunc
416 1250 525 1296 age,
553 1235 809 1282 luxuriam
835 1240 885 1284 ct
912 1235 1293 1284 Nomentanum
1319 1237 1480 1300 arripe
1505 1253 1731 1286 mecum:

170 1301 359 1349 Vincet
383 1303 518 1348 enim
545 1303 729 1349 stultos
755 1304 884 1349 ratio
911 1303 1132 1350 insanire
1159 1310 1382 1366 nepotes.
1646 1307 1740 1353 225

173 1368 273 1416 Hic
299 1369 447 1416 simul
473 1370 665 1431 accepit
690 1370 966 1431 patrimoni
995 1370 1128 1416 mille
1154 1371 1359 1429 talenta,

171 1435 354 1493 Edicit,
383 1436 603 1497 piscator
630 1436 720 1489 uti,
748 1437 1020 1497 pomarius,
1050 1451 1248 1499 auceps,

171 1502 573 1565 Unguentarius,
602 1518 658 1550 ac
686 1503 836 1550 Tusci
864 1504 1015 1550 turba
1040 1503 1196 1566 impia
1222 1504 1335 1562 vici,

173 1569 303 1617 Cum
330 1570 515 1616 scurris
542 1570 712 1627 fartor,
741 1585 856 1617 cum
883 1570 1106 1617 Velabro
1132 1585 1279 1618 omne
1304 1573 1585 1630 macellum,

170 1636 323 1683 Mane
371 1636 575 1684 domum
628 1637 848 1684 veniant.
946 1637 1080 1698 Quid
1138 1636 1286 1685 tum?
1381 1638 1578 1687 Venere
1614 1688 1616 1690 ,
1640 1640 1731 1687 fre-

371 1709 596 1766 quentes.
1647 1704 1742 1751 230

170 1769 343 1818 Verba
367 1770 489 1817 facit
514 1770 655 1818 leno:
696 1774 723 1794 ‘⁴
744 1771 996 1833 Quicquid
1022 1771 1161 1829 mihi,
1190 1772 1429 1834 quicquid
1455 1777 1506 1819 et
1531 1773 1711 1820 horum

172 1836 365 1900 Cuique
403 1837 541 1884 domi
578 1842 670 1896 est,
698 1837 751 1885 id
788 1838 933 1885 crede
970 1843 1128 1897 tuum,
1154 1844 1207 1886 et
1233 1839 1312 1886 vel
1334 1854 1481 1886 -nunc
1505 1846 1619 1902 pete
1646 1841 1726 1887 vel

369 1906 529 1952 crasst'

170 1969 361 2032 Accipe
386 1971 507 2033 quid
533 1974 709 2018 contra
736 1970 939 2032 juvenis
966 1972 1282 2034 responderit
1306 1987 1524 2035 aequus:

171 2041 199 2062 “
217 2038 279 2084 In
306 2037 419 2084 nive
447 2037 655 2084 Lucana
680 2038 872 2085 dormis
900 2045 1146 2097 ocreatus,
1174 2044 1231 2085 ut
1255 2054 1434 2101 aprum

172 2104 362 2152 Cenem
386 2119 509 2166 ego3
545 2110 602 2151 tu
627 2104 791 2165 pisces
821 2104 1030 2152 hiberno
1055 2121 1118 2152 ex
1141 2120 1356 2168 aequore
1382 2107 1554 2154 verris.
1647 2102 1742 2150 235

172 2169 356 2232 Segnis
381 2186 491 2232 ego,
518 2171 763 2232 indignus
790 2171 875 2233 qui
901 2176 1102 2218 tantum
1128 2173 1444 2234 possideam:
1482 2172 1649 2222 aufer!

171 2236 322 2288 Sume
347 2237 438 2284 tibi
463 2237 628 2285 decies
649 2254 660 2297 3
698 2237 789 2284 tibi
816 2238 1117 2285 tantundem
1139 2256 1150 2299 3
1187 2239 1281 2285 tibi
1306 2240 1504 2302 triplex,

170 2303 319 2351 Unde
345 2319 471 2351 uxor
495 2304 662 2350 media
687 2305 845 2351 currit
872 2305 932 2351 de
960 2310 1105 2352 nocte
1131 2307 1359 2352 vocata.'’

170 2369 334 2418 Filius
362 2371 553 2432 Aesopi
579 2371 859 2418 detractam
887 2387 950 2419 ex
975 2385 1092 2418 aure
1119 2371 1372 2430 Metellae,
1451 2422 1454 2425 Α

171 2436 374 2485 Scilicet
399 2443 455 2484 ut
479 2437 644 2484 decies
671 2438 890 2485 solidum
917 2438 1219 2498 absorberet,
1247 2444 1390 2488 aceto
1646 2441 1740 2488 240

172 2502 335 2551 Diluit
358 2504 609 2566 insignem
636 2505 844 2552 bacam:
883 2506 968 2568 qui
994 2506 1164 2552 sanior
1189 2521 1245 2554 ac
1270 2506 1315 2553 si

167 2569 302 2618 Illud
328 2571 461 2618 idem
486 2571 538 2617 in
562 2571 797 2632 rapidum
822 2571 1006 2619 flumen
1033 2574 1289 2633 Jaceretve
1314 2569 1574 2620 cloacam?

170 2637 345 2697 Quinti
370 2637 642 2699 progenies
669 2637 803 2694 Arri,
832 2653 924 2699 par
948 2639 1116 2686 nobile
1143 2640 1369 2698 fratrum,

167 2702 410 2765 Nequitia
436 2709 487 2750 et
514 2704 666 2765 nugis
691 2719 964 2767 pravorum
991 2711 1043 2752 et
1070 2721 1238 2752 amore
1265 2706 1551 2768 gemellum,

264 2820 337 2855 212
357 2820 573 2856 committis
694 2821 765 2856 225
785 2821 913 2858 vincit
1031 2823 1103 2858 235
1123 2834 1284 2859 caenem
1413 2823 1485 2859 235
1504 2823 1620 2859 vellis

377 2871 450 2906 240
470 2870 701 2907 exsorberet
802 2872 873 2907 241
895 2872 1056 2908 baccam
1076 2872 1254 2919 editores,
1275 2885 1350 2908 mm
1370 2873 1520 2909 codices
