1878 3054
3 0 34 115 “⁸5

687 135 811 176 mn.
852 136 949 175 111.
991 122 1045 190 5,
1075 122 1109 174 6
1618 122 1686 178 71

451 271 554 334 Qui
579 271 689 318 lora
714 269 965 318 restrictis
989 268 1194 317 lacertis
1622 264 1686 312 35

521 338 697 387 Sensit
720 338 857 385 iners
882 337 1157 399 timuitque
1184 342 1413 386 mortem

381 405 501 466 Hic,
528 406 662 454 unde
690 406 852 453 vitam
879 410 1103 452 sumeret
1126 405 1332 464 inscius,

385 473 575 523 Pacem
601 473 771 521 duello
799 472 1016 521 miscuit
1092 471 1136 520 Ο
1162 471 1354 535 pudori

451 541 495 591 Ο
521 556 712 604 magna
737 540 1015 602 Carthago,
1043 540 1300 603 probrosis

522 609 693 659 Altior
717 608 902 656 Italiae
928 608 1093 655 ruinis
1109 606 1120 655 l
1136 609 1164 634 '’
1625 604 1690 650 40

377 675 564 726 Fertur
585 677 801 740 pudicae
828 676 1063 738 conjugis
1089 675 1323 723 osculum

385 745 687 808 Parvosque
713 748 877 802 natOS,
907 750 966 792 ut
989 744 1175 806 capitis
1202 744 1385 805 minor,

454 813 541 861 Ab
566 827 620 859 se
644 812 941 871 removisse,
967 817 1021 859 et
1046 811 1247 859 virilem

522 879 722 927 Torvus
748 879 888 926 humi
916 880 1152 942 posuisse
1181 879 1394 938 voltum,

386 947 566 996 Donec
590 947 824 994 labantes
848 947 1063 995 consilio
1088 952 1265 1009 patres
1618 945 1682 992 45

387 1014 647 1063 Firmaret
672 1019 847 1062 auctor
874 1029 1153 1078 numquam
1181 1014 1313 1062 alias
1336 1014 1475 1073 dato,

455 1082 698 1146 Interque
728 1089 1016 1130 maerentes
1042 1082 1234 1130 amicos

524 1150 781 1213 Egregius
805 1154 1103 1213 properaret
1124 1150 1256 1197 exul.

388 1217 555 1280 Atqui
580 1218 774 1265 sciebat
799 1233 931 1281 quae
956 1217 1054 1264 sibi
1080 1217 1330 1264 barbarus

389 1285 579 1334 Tortor
602 1292 835 1349 pararet3
872 1300 976 1332 non
1001 1285 1149 1332 aliter
1173 1289 1350 1332 tamen
1616 1283 1682 1331 50

459 1352 694 1401 Dimovit
718 1353 987 1400 obstantes
1011 1353 1324 1416 propinquos

526 1420 598 1468 Et
619 1421 862 1484 populum
888 1420 1083 1468 reditus
1107 1425 1402 1482 morantem,

391 1487 561 1548 Quam
585 1488 629 1535 si
653 1488 896 1536 clientum
922 1488 1078 1551 longa
1102 1488 1312 1551 negotia

390 1554 686 1617 Dijudicata
712 1556 802 1603 lite
829 1556 1153 1619 relinqueret,

459 1621 700 1671 Tendens
725 1623 1054 1671 Venafranos
1079 1623 1131 1670 in
1157 1637 1312 1685 agros
1615 1621 1680 1669 55

528 1691 642 1739 Aut
667 1690 1135 1739 Lacedaemonium
1161 1691 1455 1739 Tarentum.

865 1857 960 1905 VI.

393 1959 598 2008 Delicta
623 1961 873 2022 maj0rum
897 1960 1183 2008 immeritus
1207 1960 1335 2021 lues,

393 2027 645 2086 Romane,
673 2028 834 2075 donec
860 2028 1052 2091 templa
1076 2028 1313 2076 refeceris

461 2094 734 2158 Aedeeque
761 2095 995 2143 labentes
1020 2096 1229 2143 deorum
1255 2100 1309 2144 et

528 2162 702 2210 Foeda
726 2163 875 2226 nigro
902 2164 1176 2211 simulacra
1201 2164 1353 2211 fumo.

393 2228 491 2277 Dis
515 2234 567 2277 te
591 2229 836 2279 minorem
863 2231 1000 2294 quod
1024 2231 1178 2293 geris,
1205 2231 1456 2293 imperas:
1643 2228 1671 2275 5

396 2296 535 2344 Hinc
560 2313 708 2345 omne
733 2298 1056 2361 principium,
1085 2298 1182 2346 huc
1207 2299 1338 2346 refer
1363 2298 1588 2346 exitum:

462 2364 528 2412 Di
555 2365 719 2412 multa
744 2366 963 2428 neglecti
989 2366 1240 2414 dederunt

529 2431 808 2496 Hesperiae
835 2434 972 2481 mala
996 2433 1273 2481 luctuosae.

393 2499 430 2548 J
435 2514 515 2547 am
540 2500 619 2547 bis
645 2499 917 2548 Monaeses
943 2507 995 2549 et
1024 2501 1205 2548 Pacori
1233 2514 1417 2548 manus

393 2565 443 2615 N
450 2582 512 2614 on
541 2568 833 2630 auspicatos
859 2569 1095 2616 contudit
1121 2568 1340 2631 impetus
1615 2562 1674 2610 10

460 2633 683 2682 Nostros
708 2641 761 2683 et
786 2636 1031 2697 adjecisse
1056 2636 1298 2698 praedam

526 2701 816 2765 Torquibus
842 2703 1045 2765 exiguis
1071 2703 1279 2749 renidet.

200 2816 249 2857 8⁷
268 2829 294 2856 a
322 2819 416 2865 tius,
431 2819 578 2856 anxius
599 2833 619 2856 e
638 2820 860 2856 coniectura
912 2820 961 2856 48
980 2820 1094 2856 exsul
1150 2820 1193 2855 51
1218 2819 1366 2856 amieos
1420 2818 1441 2854 6
1461 2817 1538 2855 huc
1558 2829 1675 2856 omne

225 2868 249 2905 9
314 2870 475 2906 onaesis
580 2870 626 2906 10
647 2870 922 2919 inauspicatos
1028 2870 1074 2906 10
1094 2870 1268 2907 contulit
1372 2869 1418 2905 11
1441 2869 1589 2906 nostrin
