1846 3034
167 155 171 158 ’
199 163 304 216 212
610 173 851 214 nolum
892 171 1341 214 EPISTVLARVM

199 305 343 355 Neve
367 311 518 370 putes
543 307 697 354 alium
724 307 950 370 sapiente
975 308 1207 368 bonoque
1230 305 1452 362 beatum,
1707 315 1769 360 20

199 374 328 433 Neu,
357 375 400 422 si
425 380 474 421 te
500 375 717 437 populus
742 389 920 421 sanum
947 380 1178 436 recteque
1207 372 1460 420 valentem
1836 389 1838 391 ’

199 442 428 499 Dietitet,
456 442 702 489 occultam
729 441 917 488 febrem
939 442 1032 488 sub
1059 449 1258 502 tempus
1283 439 1466 487 edendi

199 509 521 565 Dissimules‚
549 509 706 555 donec
732 509 965 555 manibus
990 515 1178 555 tremor
1203 507 1396 554 incidat
1423 507 1601 556 unctis.

201 577 484 625 Stultorum
511 576 741 622 incurata
764 576 927 637 pudor
952 575 1116 622 malus
1142 574 1310 621 ulcera
1334 574 1478 623 celat.

202 645 257 694 Si
281 645 395 708 quis
422 643 554 691 bella
578 643 670 690 tibi
695 649 827 690 terra
854 648 1080 704 pugnata
1104 641 1328 704 marique
1705 650 1766 696 25

200 712 353 761 Dicat
377 717 428 759 et
454 712 534 759 his
559 710 726 757 verbis
756 725 942 757 vacuas
968 709 1279 772 permulceat
1304 725 1480 758 aures:

201 784 230 805 “
248 781 382 828 Tene
408 780 574 841 magis
602 778 801 825 salvum
831 777 1049 839 populus
1077 777 1201 824 velit
1227 792 1291 824 an
1316 778 1558 840 populum
1582 782 1655 837 tu,

202 847 382 896 Servet
406 847 457 893 in
483 847 739 908 ambiguo,
770 844 856 907 qui
885 844 1103 892 consulit
1127 849 1179 892 et
1203 844 1295 891 tibi
1318 850 1370 892 et
1395 844 1525 906 urbi,

197 914 233 962 J
238 915 436 978 uppiter
458 916 512 975 ;'’
539 913 767 975 Augusti
796 912 974 959 laudes
1002 927 1277 974 agnoscere
1302 912 1500 974 possis:

199 981 332 1030 Cum
357 982 545 1045 pateris
571 981 773 1043 sapiens
800 980 1198 1043 emendatusque
1224 979 1409 1038 vocari,
1702 984 1765 1030 30

198 1048 570 1111 Respondesne
587 1054 694 1106 tuo,
722 1048 803 1095 dic
832 1047 994 1105 sodes,
1024 1045 1265 1095 nomine?
1304 1052 1331 1072 ‘⁴
1350 1047 1548 1110 Nempe

196 1114 293 1164 Vir
319 1117 478 1163 bonus
503 1122 554 1163 et
578 1116 800 1178 prudens
829 1115 926 1163 dici
953 1115 1176 1163 delector
1198 1130 1294 1177 ego
1320 1130 1377 1162 ac
1402 1116 1507 1163 tu.''

198 1184 299 1245 Qui
324 1184 463 1232 dedit
488 1183 580 1230 hoc
606 1183 769 1239 hodie,
799 1198 926 1240 cras,
956 1183 999 1230 si
1026 1183 1175 1242 volet,
1204 1183 1410 1241 auferet,
1432 1188 1489 1230 ut
1514 1181 1556 1229 si

196 1250 450 1299 Detulerit
474 1251 637 1298 fasces
663 1251 890 1311 indigno,
919 1250 1151 1298 detrahet
1178 1250 1323 1297 idem.

197 1322 225 1342 “
244 1319 396 1376 Pone,
416 1325 582 1365 meum
599 1323 705 1365 est:
726 1319 753 1343 ''
779 1318 959 1381 inquit.
1035 1318 1177 1366 Pono
1193 1317 1454 1380 tristisque
1471 1316 1662 1364 recedo.
1699 1319 1759 1365 35

194 1384 339 1434 Idem
365 1386 407 1432 si
432 1386 615 1433 clamet
641 1385 816 1442 furem,
846 1389 1000 1446 neget
1023 1400 1135 1432 esse
1162 1385 1418 1446 pudicum,

196 1452 486 1500 Contendat
508 1452 688 1514 laqueo
714 1452 897 1499 collum
923 1452 1166 1514 pressisse
1192 1457 1475 1514 paternum,

192 1518 431 1567 Mordeat
456 1519 738 1582 opprobriis
765 1519 909 1566 falsis
937 1524 1226 1581 mutemque
1252 1516 1482 1566 colores?

194 1585 379 1634 Falsus
406 1587 565 1634 honor
592 1588 741 1647 juvat
766 1591 818 1633 et
844 1586 1062 1633 mendax
1087 1585 1296 1634 infamia
1319 1589 1475 1632 terret

193 1654 356 1715 Quem
383 1654 480 1701 nisi
507 1653 806 1701 mendosum
834 1658 886 1700 et
911 1651 1242 1701 mendacem?
1315 1652 1460 1700 “Vir
1483 1652 1649 1700 bonus
1673 1658 1753 1702 est

427 1721 507 1768 uis
526 1719 546 1768 ἲ
562 1722 590 1747 ”
1691 1722 1751 1768 40

191 1791 221 1814 “
240 1788 340 1849 Qui
366 1737 596 1835 cgnsulta
619 1792 839 1850 patrum,
871 1787 955 1849 qui
984 1787 1124 1849 leges
1152 1788 1368 1849 juraque
1394 1791 1580 1845 servat,

191 1854 304 1916 Quo
330 1856 518 1903 multae
545 1870 864 1917 magnaeque
894 1860 1134 1901 secantur
1160 1854 1329 1916 judice
1354 1854 1485 1910 lites,

191 1922 305 1982 Quo
329 1937 408 1969 res
434 1937 674 1984 sponsore
702 1927 754 1969 et
778 1937 877 1984 quo
906 1936 1088 1968 causae
1114 1925 1244 1968 teste
1268 1922 1559 1968 tenentur.''

190 1988 291 2036 Sed
319 1990 458 2037 videt
482 1989 616 2039 hunc
643 1989 808 2035 omnis
837 1988 1017 2035 domus
1042 1995 1093 2036 et
1118 1987 1305 2035 vicinia
1327 1992 1438 2036 tota

187 2055 474 2103 Introrsum
498 2063 712 2118 turpem,
743 2056 1028 2117 speciosum
1054 2055 1182 2118 pelle
1208 2055 1403 2103 decora.
1684 2055 1746 2101 45

187 2127 216 2147 “
235 2122 283 2169 N
287 2138 343 2170 ec
369 2124 558 2170 furtum
585 2123 680 2171 feci
707 2138 797 2170 nec
826 2123 986 2184 fugi,''
1012 2122 1056 2169 si
1082 2122 1206 2169 mihi
1232 2122 1370 2170 dicat

188 2188 391 2248 Servus,
421 2196 447 2215 “
469 2191 643 2237 Habes
668 2191 904 2252 pretium,
934 2189 1054 2237 loris
1078 2204 1180 2236 non
1204 2189 1414 2247 ureris,'’
1439 2187 1533 2236 aio.

187 2261 216 2282 “
232 2256 347 2304 Non
366 2258 619 2304 hominem
637 2257 792 2304 occidi
811 2276 823 2306 :
839 2259 866 2283 ’'
906 2262 932 2281 “
952 2256 1069 2304 Non
1085 2270 1264 2318 pasees
1282 2257 1333 2302 in
1355 2270 1497 2303 cruce
1517 2255 1746 2303 corvos.''

185 2328 215 2349 ‘¹
234 2323 356 2372 Sum
382 2325 545 2371 bonus
569 2331 621 2371 et
647 2326 779 2387 frugi
800 2326 854 2372 :’'
890 2324 1058 2371 renuit
1084 2323 1378 2385 negitatque
1405 2322 1664 2369 Sabellus:

185 2395 214 2416 “
234 2391 427 2438 Cautus
452 2392 585 2438 enim
613 2394 795 2440 metuit
823 2393 1021 2438 foveam
1050 2391 1213 2452 lupus,
1243 2390 1575 2451 accipiterque
1684 2396 1745 2441 50

185 2457 462 2520 Suspectos
486 2459 708 2521 laqueos,
737 2466 788 2506 et
816 2465 1046 2522 opertum
1071 2458 1258 2504 miluus
1284 2457 1506 2504 hamum.
1680 2476 1684 2479 ·

184 2525 414 2574 Oderunt
437 2543 643 2588 peccare
671 2528 790 2573 boni
818 2527 1025 2572 virtutis
1053 2539 1251 2584 amore;

182 2591 260 2640 Tu
285 2595 410 2642 nihil
438 2595 677 2641 admittes
704 2594 756 2640 in
782 2599 832 2640 te
861 2593 1127 2639 formidine
1151 2606 1372 2654 poenae:

182 2659 260 2709 Sit
285 2677 400 2725 spes
428 2661 648 2720 fallendi,
679 2660 913 2708 miscebis
942 2674 1083 2706 sacra
1107 2659 1346 2720 profanis.

262 2791 311 2827 29
329 2791 460 2841 possis
475 2791 491 2827 7
593 2790 640 2826 30
661 2790 800 2838 cupias
905 2789 954 2824 34
973 2787 1150 2824 detrahit
1252 2787 1300 2822 40
1320 2788 1360 2822 et
1377 2783 1657 2822 medicandum

491 2841 540 2877 43
559 2850 794 2889 responsore
895 2839 943 2874 45
963 2838 1159 2874 introrsus
1261 2837 1310 2872 46
1329 2837 1428 2873 dicit

628 2891 677 2927 49
696 2891 819 2937 negat
836 2890 956 2938 atque
1059 2888 1104 2923 51
1125 2887 1287 2923 milvius
