1878 3054
183 126 252 176 32
652 134 894 174 ΗοΒΑΤΙ
936 133 1278 174 οΑΒΜῙΝνΜ

183 269 313 316 Cum
337 270 413 316 fas
440 273 591 332 atque
615 269 758 316 nefas
784 269 971 330 exiguo
998 267 1092 314 fine
1119 267 1390 315 libidinum
1693 268 1751 314 10

183 335 489 383 Discernunt
516 336 667 383 avidi.
741 335 860 382 Non
885 349 980 396 ego
1007 339 1071 393 te,
1101 335 1310 381 candide
1336 335 1604 391 Bassareu,

181 402 409 449 Invitum
436 403 677 464 quatiam,
705 417 796 448 nec
821 402 978 447 variis
1006 401 1172 448 obsita
1197 401 1459 448 frondibus

183 468 287 516 Sub
313 470 487 516 divum
513 470 721 530 rapiam.
799 468 966 515 Saeva
992 474 1106 515 tene
1133 483 1247 515 cum
1273 468 1580 529 Berecyntio

182 535 352 582 Cornu
378 541 637 597 tympana,
665 551 793 597 quae
820 535 1142 597 subsequitur
1167 549 1346 582 caecus
1372 534 1536 582 Amor
1561 534 1655 591 sui,

181 601 249 648 Et
274 603 456 648 tollens
482 617 696 649 vacuum
720 602 835 664 plus
863 602 1020 648 nimio
1048 602 1223 649 Gloria
1248 602 1506 661 verticem,
1690 598 1747 644 15

181 668 468 731 Arcanique
495 669 648 716 Fides
672 668 901 731 prodiga,
928 668 1231 731 perlucidior
1254 668 1400 715 vitr0.

890 846 1044 895 XIX.

516 936 686 984 Mater
721 952 879 986 saeva
915 936 1228 997 Cupidinum

381 1003 750 1065 Thebanaeque
768 1004 914 1064 jubet
939 1018 1018 1050 me
1048 1002 1275 1050 Semelae
1299 1017 1425 1066 puer

516 1070 585 1117 Et
620 1071 814 1117 lasciva
850 1070 1084 1117 Licentia

381 1137 569 1184 Finitis
596 1137 820 1184 animum
846 1137 1050 1184 reddere
1078 1137 1350 1184 amoribus.

516 1204 632 1250 Urit
668 1219 746 1251 me
785 1204 1029 1265 Glycerae
1063 1204 1212 1262 nitor,
1709 1199 1741 1246 5

385 1270 710 1333 Splendentis
739 1271 889 1318 Pario
917 1285 1165 1318 marmore
1189 1271 1397 1333 purius;

517 1338 636 1385 Urit
672 1343 821 1399 grata
856 1338 1173 1400 protervitas,

380 1405 452 1451 Et
476 1405 643 1452 voltus
669 1405 880 1451 nimium
905 1405 1123 1452 lubricus
1148 1405 1315 1467 aspici.

516 1472 579 1518 In
613 1487 691 1518 me
727 1475 837 1518 tota
873 1486 1023 1518 ruens
1059 1471 1237 1519 Venus

386 1537 616 1600 Cyprum
641 1539 878 1596 deseruit,
906 1554 997 1585 nec
1022 1538 1214 1601 patitur
1240 1538 1462 1601 Scythas
1683 1533 1739 1578 ¹0

519 1605 589 1652 Et
623 1606 783 1652 versis
820 1606 1106 1652 animosum
1141 1605 1283 1668 equis

386 1671 635 1718 Parthum
662 1673 840 1729 dicere,
869 1687 960 1719 nec
985 1687 1113 1734 quae
1139 1672 1265 1718 nihil
1291 1672 1521 1719 attinent.

520 1739 618 1786 Hic
644 1739 815 1785 vivum
844 1738 969 1785 mihi
993 1738 1281 1800 caespitem,
1308 1738 1391 1786 hic

386 1805 663 1863 VerbenaS,
691 1806 846 1866 pueri,
873 1806 1056 1868 ponite,
1085 1811 1298 1867 turaque

518 1872 652 1918 Bimi
688 1887 800 1918 cum
836 1879 1013 1935 patera
1050 1872 1202 1919 meri:
1677 1872 1736 1919 15

385 1937 616 1985 Mactata
654 1939 823 1986 veniet
858 1939 1016 1986 lenior
1052 1938 1235 1986 hostia.

898 2110 1020 2158 XX.

384 2199 502 2248 Vile
539 2201 739 2262 potabis
774 2201 984 2248 modicis
1026 2200 1270 2248 Sabinum

388 2267 673 2325 CantharIS,
703 2268 896 2316 Graeca
922 2268 1057 2329 quod
1081 2283 1177 2329 ego
1202 2269 1310 2331 ipse
1335 2273 1470 2316 testa

385 2333 659 2381 Conditum
684 2334 798 2390 levi,
827 2334 976 2380 datus
1003 2335 1055 2380 in
1079 2335 1278 2382 theatro

586 2400 714 2447 Cum
749 2401 841 2448 tibi
877 2401 1098 2462 plausus,

389 2466 516 2515 Care
543 2466 814 2514 Maecenas
841 2483 1008 2530 eques,
1036 2473 1093 2515 ut
1116 2468 1313 2530 paterni
1700 2474 1728 2521 5

387 2533 637 2580 Fluminis
662 2535 797 2597 ripae
825 2535 975 2582 simul
998 2542 1050 2582 et
1067 2536 1242 2596 Jocosa

386 2599 644 2647 Redderet
667 2602 846 2649 laudes
872 2602 966 2648 tihi
985 2601 1226 2649 Vaticani

585 2666 780 2715 Montis
816 2670 998 2730 imago.

312 2783 336 2819 2
355 2783 487 2820 iuben·
595 2785 616 2820 2
637 2785 807 2822 Semeles
911 2787 932 2822 8
950 2786 1086 2822 vultus
1201 2786 1222 2821 8
1242 2785 1396 2833 adspici
1500 2785 1543 2821 11
1567 2797 1637 2821 nec

451 2834 496 2869 12
515 2835 660 2871 attinet
813 2838 860 2872 14
878 2836 1076 2885 thuraque
1239 2837 1262 2871 5
1281 2836 1386 2872 clare
