1878 3054
687 142 811 182 LIB.
860 143 900 182 1.
941 129 1122 182 26-28
1205 161 1217 170 ·
1615 128 1686 184 37

319 279 466 341 Quae
491 292 635 341 saga,
662 277 777 339 quis
800 282 852 325 te
879 277 1076 324 solvere
1103 276 1367 325 Thessalis

317 346 510 408 Magus
535 345 760 403 venenis,
788 345 903 407 quis
928 345 1117 407 poterit
1142 343 1305 394 deus?

386 413 495 462 Vix
515 413 772 475 illigatum
797 418 848 459 te
873 412 1091 460 triformi

451 481 688 544 Pegasus
712 480 950 543 expediet
977 479 1263 529 Chimaera.

796 682 1070 732 XXVIII.

117 789 189 838 Te
214 788 371 837 maris
395 793 449 838 et
472 792 640 837 terrae
665 803 975 852 numeroque
1003 789 1222 837 carentis
1249 803 1433 837 arenae

250 857 544 904 Mensorem
581 855 836 915 cohibent,
876 855 1130 920 Archyta,

117 923 354 972 Pulveris
379 923 554 987 exigui
577 938 735 987 prope
762 923 885 971 litus
909 937 1071 987 parva
1095 923 1356 972 Matinum

251 991 486 1050 Munera,
514 1006 607 1039 nec
632 991 906 1055 quicquam
930 991 1024 1039 tibi
1050 992 1260 1054 prodest

115 1059 300 1108 Aerias
323 1063 605 1122 temptasse
631 1059 812 1106 domos
840 1059 1112 1122 animoque
1138 1060 1417 1108 rotundum
1659 1057 1691 1106 5

253 1127 572 1175 Percurrisse
607 1127 797 1190 polum,
836 1127 1098 1175 morituro,

117 1193 321 1244 Occidit
345 1200 398 1243 et
424 1194 632 1257 Pelopis
659 1195 874 1256 genitor,
902 1195 1121 1243 conviva
1145 1195 1370 1255 deorum,

252 1262 606 1325 Tithonusque
644 1267 872 1310 remotus
907 1262 960 1310 in
998 1278 1163 1321 auraS‚

116 1328 188 1379 Et
209 1330 246 1379 J
250 1330 363 1379 ovis
387 1330 586 1378 arcanis
612 1329 786 1378 Minos
813 1330 1081 1389 admissuS,
1110 1330 1402 1393 habentque

252 1397 470 1446 Tartara
497 1397 823 1446 Panthoiden
849 1399 1035 1446 iterum
1061 1397 1195 1446 Orco
1629 1394 1692 1445 10

117 1465 429 1524 Demissum‚
457 1465 711 1528 quamvis,
741 1466 902 1528 clipeo
929 1465 1150 1527 TroJana
1174 1465 1328 1514 refixo

250 1533 506 1596 Tempora
540 1538 780 1592 testatus,
820 1533 950 1581 nihil
986 1534 1123 1582 ultra

115 1599 317 1649 Nervos
342 1606 495 1664 atque
522 1606 692 1649 cutem
720 1601 873 1649 morti
899 1606 1219 1650 concesserat
1244 1605 1402 1662 atrae,

249 1668 434 1717 Judice
469 1673 521 1716 te
559 1683 662 1717 non
701 1669 942 1716 sordidus
980 1674 1158 1720 auctor

115 1734 346 1784 Naturae
372 1736 597 1800 verique.
678 1735 779 1784 Sed
807 1751 983 1784 omnes
1009 1752 1111 1784 una
1135 1741 1310 1785 manet
1333 1752 1436 1786 nox
1631 1734 1691 1784 15

248 1803 319 1851 Et
354 1803 600 1852 calcanda
640 1803 797 1851 semel
835 1804 921 1851 via
957 1804 1059 1852 leti,

116 1868 260 1918 Dant
284 1870 412 1919 alios
438 1871 624 1918 Furiae
652 1876 801 1919 torvo
828 1871 1122 1934 spectacula
1147 1871 1334 1934 Marti;

248 1937 424 1987 Exitio
447 1943 528 1987 est
554 1938 764 1987 avidum
790 1954 930 1987 mare
956 1940 1157 2000 nautis3

115 2003 285 2053 Mixta
308 2021 489 2054 senum
515 2021 573 2055 ac
589 2007 840 2068 juvenum
866 2007 1145 2055 densentur
1169 2006 1374 2070 funera3
1410 2008 1606 2056 nullum

251 2072 421 2122 Saeva
456 2078 609 2138 caput
649 2074 958 2138 Proserpina
994 2075 1137 2138 fugit.
1632 2074 1695 2122 20

115 2138 203 2187 Me
228 2155 429 2205 quoque
454 2142 636 2190 devexi
666 2142 875 2206 rapidus
901 2158 1068 2191 comes
1097 2141 1306 2191 Orionis

246 2207 471 2271 Illyricis
508 2209 678 2257 Notus
718 2210 890 2258 obruit
925 2211 1090 2258 undis.

114 2273 191 2323 At
216 2279 286 2333 tu,
314 2282 488 2335 nauta,
518 2293 681 2340 vagae
710 2293 771 2325 ne
796 2293 945 2341 parce
970 2278 1231 2341 malignus
1256 2293 1439 2326 arenae

249 2341 470 2392 Ossibus
505 2349 558 2392 et
592 2345 749 2409 capiti
785 2345 1052 2394 inhumato

115 2407 427 2459 Particulam
449 2412 595 2461 dare:
624 2413 711 2471 sic,
733 2413 1085 2476 quodcumque
1110 2413 1390 2461 minabitur
1414 2412 1587 2460 Eurus
1635 2410 1700 2459 25

248 2477 514 2528 Fluctibus
555 2481 837 2544 Hesperiis,
877 2481 1172 2528 Venusinae

115 2543 414 2596 Plectantur
442 2548 620 2607 silvae,
648 2554 700 2597 te
728 2550 935 2612 sospite,
965 2549 1228 2611 multaque
1253 2562 1461 2606 merces,

247 2613 400 2663 Unde
438 2621 626 2678 potest,
665 2616 758 2665 tibi
797 2616 988 2664 defluat
1026 2631 1186 2679 aequo

113 2678 200 2728 Ab
224 2680 358 2730 Jove
387 2682 727 2747 Neptunoque
755 2684 886 2732 sacri
913 2684 1124 2731 custode
1151 2682 1375 2731 Tarenti.

249 2748 502 2813 Neglegis
539 2750 812 2799 immeritis
847 2750 1131 2799 nocituram
1640 2748 1705 2796 80

214 2879 236 2915 3
256 2879 383 2916 latum
556 2881 578 2917 5
598 2883 776 2917 tentasse
950 2881 996 2916 18
1017 2879 1150 2916 avidis
1323 2879 1371 2915 30
1392 2878 1569 2926 negligis
