1878 3054
721 152 844 191 mn.
886 150 975 192 Π.
1017 139 1088 191 14
1592 139 1700 191 109

325 287 650 354 Spectandus
674 286 728 334 in
754 285 1031 334 certamine
1059 285 1268 345 Martio,

324 357 530 406 Devota
555 354 703 403 morti
728 360 938 417 pectora
963 353 1152 401 liberae

394 423 614 486 Quantis
652 422 897 484 fatigaret
933 421 1112 480 ruinis,

459 491 746 539 Indomitas
772 503 929 553 prope
957 488 1122 551 qualis
1147 488 1312 536 undas
1634 492 1696 539 20

324 559 544 608 Exercet
570 558 780 615 Auster,
813 556 1081 603 Pleiadum
1106 555 1262 603 choro

324 626 595 676 Scindente
622 625 798 683 nubes,
828 623 1048 687 impiger
1075 623 1302 672 hostium

391 693 592 743 Vexare
629 698 829 741 turmas
869 697 921 739 et
957 692 1256 739 frementem

457 761 666 809 Mittere
692 775 884 823 equum
911 758 1111 807 medios
1135 773 1225 822 per
1249 758 1409 821 ignes·

325 829 410 879 Sic
433 827 748 877 tauriformis
780 826 1006 875 volvitur
1034 824 1269 885 Aufidus,
1639 829 1700 876 25

325 897 427 959 Qui
451 911 612 958 regna
638 894 814 943 Dauni
839 893 1078 958 praefluit
1104 893 1280 957 Apuli,

396 963 527 1014 Cum
554 962 733 1021 saevit,
764 962 1175 1024 horrendamque
1200 959 1356 1009 cultis

461 1030 724 1079 Diluviem
764 1030 1046 1078 meditatur
1082 1028 1236 1091 agris,

324 1099 402 1148 Ut
426 1099 759 1147 barbarorum
790 1097 1042 1146 Claudius
1069 1095 1279 1159 agmina

324 1167 543 1215 Fer-rata
580 1172 728 1213 vasto
768 1165 926 1213 diruit
965 1164 1175 1227 impetu,
1640 1167 1703 1214 30

393 1234 695 1296 Primosque
722 1238 774 1280 et
801 1238 1054 1280 extremos
1080 1230 1318 1279 metendo

461 1300 658 1350 Stravit
686 1300 915 1356 humum,
945 1300 1054 1347 sine
1081 1299 1223 1347 clade
1250 1298 1428 1357 victor,

324 1369 398 1418 ΤΘ
423 1370 612 1433 copiaS,
641 1373 691 1416 te
719 1367 991 1416 consilium
1019 1374 1071 1415 et
1097 1372 1214 1414 tuos

327 1436 612 1485 Praebente
639 1436 803 1484 divos,
879 1434 1018 1482 Nam
1042 1434 1150 1493 tibi,
1177 1448 1277 1497 quo
1303 1433 1386 1482 die

396 1504 586 1553 Portus
622 1502 957 1552 Alexandrea
994 1501 1213 1565 supplex
1640 1502 1702 1549 35

461 1571 532 1620 Et
568 1586 784 1619 vacuam
823 1570 1066 1632 patefecit
1104 1569 1291 1629 aulam,

326 1639 559 1688 Fortuna
594 1639 756 1687 lustro
794 1652 1039 1701 prospera
1074 1637 1226 1685 tertio

325 1706 457 1756 Belli
492 1706 743 1755 secundos
782 1705 1006 1754 reddidit
1041 1704 1225 1763 exituS,

395 1774 726 1837 Laudemque
753 1777 806 1820 et
833 1778 1067 1835 optatum
1094 1770 1317 1835 peractis

461 1840 698 1904 Imperiis
735 1840 892 1889 decus
931 1839 1206 1902 arrogavit.
1641 1832 1706 1879 40

326 1909 401 1958 ΤΘ
429 1908 690 1958 Cantaber
715 1923 816 1956 non
844 1912 962 1955 ante
988 1906 1263 1955 domabilis

327 1976 617 2039 Medusque
642 1980 695 2024 et
720 1975 898 2031 InduS,
927 1980 976 2023 te
1002 1974 1253 2037 profugus
1281 1969 1502 2037 Scythes

393 2043 624 2102 Miratur,
652 2058 680 2091 o
707 2042 872 2090 tutela
896 2056 1140 2106 praesens

462 2110 647 2159 Italiae
674 2110 1012 2173 dominaeque
1040 2109 1251 2157 Romae.

328 2177 401 2227 ΤΘ
427 2178 646 2227 fontium
672 2177 759 2241 qui
788 2178 920 2226 celat
946 2177 1167 2240 origines
1646 2169 1705 2214 45

327 2245 580 2308 Nilusque
604 2250 658 2293 et
682 2245 829 2303 Ister,
857 2250 907 2293 te
933 2244 1145 2308 rapidus
1171 2242 1362 2306 TigriS,

396 2312 469 2361 ΤΘ
506 2313 747 2361 beluosus
784 2312 872 2376 qui
908 2312 1117 2360 remotis

468 2379 737 2443 Obstrepit
765 2378 1002 2428 Oceanus
1027 2377 1306 2437 Britannis,

329 2447 402 2496 ΤΘ
427 2462 528 2495 non
554 2447 792 2510 paventis
819 2447 999 2495 funera
1026 2446 1222 2495 Galliae

332 2514 604 2578 Duraeque
631 2514 782 2563 tellus
811 2514 957 2563 audit
984 2513 1242 2572 Hiberiae,
1647 2502 1707 2548 50

398 2581 470 2629 ΤΘ
497 2582 650 2630 caede
678 2581 964 2643 gaudentes
993 2580 1271 2643 Sygambri

468 2648 783 2712 Compositis
809 2654 1118 2699 venerantur
1144 2646 1300 2695 armis

159 2766 207 2803 2⁰
226 2766 445 2803 indomitus
498 2766 546 2803 26
566 2765 730 2816 perfluit
782 2765 1062 2853 236mli¹nittatur
1115 2765 1162 2801 32
1184 2763 1296 2800 humi
1349 2763 1397 2797 35
1418 2758 1671 2796 Alexandria

923 2828 955 2852 ιε
975 2828 1018 2853 Θι·
