1878 3054
0 0 7 15 Ι

1 0 76 121 “ε,

0 47 6 55 ι

12 142 40 171 Δΐ,

766 167 871 208 Lm
931 167 999 207 11.
1041 155 1074 206 3
1597 153 1702 208 173

133 305 406 356 Luscinias
427 303 571 353 soliti
594 303 824 366 impenso
849 302 1099 366 prandere
1125 305 1402 364 coemptas,
1605 293 1701 341 245

132 375 388 436 Quorsum
413 370 640 420 abeant?
680 371 856 419 Sanin⁷
882 375 1035 428 creta,
1064 385 1128 416 an
1154 370 1373 416 carbone
1399 367 1651 417 notandIY

198 500 480 551 Aedificare
507 514 668 557 casas,
695 498 933 561 plostello
960 498 1236 559 adjungere
1263 510 1449 554 mures,

130 569 329 618 Ludere
354 582 450 631 par
475 568 653 630 impar,
681 566 912 628 equitare
938 566 991 612 in
1017 565 1265 612 arundine
1291 564 1460 626 longa,

133 637 188 686 Si
211 651 360 700 quem
387 635 605 684 delectet
629 634 914 691 barbatum,
944 632 1170 679 amentia
1195 636 1378 679 verset.
1414 653 1433 665 2

131 703 184 753 Si
209 703 453 768 puerilius
479 702 558 750 his
584 701 714 749 ratio
739 716 851 748 esse
876 701 1076 747 evincet
1103 714 1290 757 amare,
1605 701 1699 750 250

130 771 239 820 Nec
262 771 534 834 quicquam
558 769 754 817 differre
780 774 1017 816 utrumne
1043 767 1095 814 in
1118 767 1342 830 pulvere,
1370 766 1557 814 trimus

131 839 292 901 Quale
317 838 470 902 prius,
498 837 646 885 ludas
673 851 815 899 opus,
844 852 909 883 an
933 835 1215 883 meretricis
1241 849 1411 881 amore

131 906 393 955 Sollicitus
417 906 600 968 plores,
628 919 829 967 quaero,
858 903 1079 950 faciasne
1106 902 1243 966 quod
1270 901 1394 949 olim

131 973 365 1022 Mutatus
393 971 677 1021 Polemon?
714 986 877 1035 ponas
903 970 1128 1033 insignia
1153 969 1332 1028 morbi,

130 1040 406 1099 Fasciolas,
433 1040 640 1096 cubital‚
669 1039 865 1098 focalia,
893 1043 1048 1101 potus
1074 1043 1131 1085 ut
1155 1037 1238 1085 ille
1605 1038 1700 1088 255

130 1108 334 1158 Dicitur
357 1123 421 1156 ex
444 1108 575 1156 collo
602 1107 777 1155 furtim
802 1106 1052 1169 carpsisse
1078 1120 1307 1164 coronas,

132 1175 415 1239 Postquam
441 1181 522 1223 est
547 1174 794 1238 impransi
820 1180 1082 1237 correptus
1110 1188 1232 1220 voce
1258 1170 1536 1234 magistri?

133 1243 364 1307 Porrigis
388 1244 517 1291 irato
542 1257 702 1306 puero
727 1257 843 1290 cum
866 1257 1032 1305 poma,
1060 1245 1293 1288 recusat:

131 1315 161 1336 “
179 1310 347 1370 Sume,
374 1311 554 1359 catelle
573 1309 584 1358 1
601 1311 628 1336 '’
663 1317 851 1372 negat3
887 1309 932 1357 si
958 1324 1060 1356 non
1085 1309 1190 1367 deS,
1219 1313 1392 1371 optet:
1432 1312 1632 1355 amator

131 1378 385 1428 Exclusus
409 1379 497 1441 qui
522 1378 695 1436 distat,
727 1377 836 1440 agit
860 1377 947 1424 ubi
975 1392 1147 1424 secum
1172 1382 1257 1423 eat
1283 1392 1347 1423 an
1373 1391 1490 1436 non,
1604 1381 1699 1428 260

132 1447 244 1508 Quo
268 1447 525 1494 rediturus
549 1450 660 1493 erat
683 1460 784 1493 non
811 1445 1100 1503 arcessitus,
1129 1449 1181 1491 et
1207 1439 1382 1491 haeret

130 1514 322 1563 Invisis
347 1511 576 1562 foribus?
615 1517 644 1538 ‘⁴
663 1513 772 1561 Nec
797 1528 945 1571 nunc,
972 1527 1087 1560 cum
1113 1527 1194 1559 me
1220 1516 1373 1559 vocat
1397 1511 1546 1570 ultro,

131 1580 424 1630 Accedam?
462 1597 527 1628 an
552 1580 725 1644 potius
750 1580 966 1628 mediter
990 1580 1131 1627 finire
1158 1577 1401 1627 dolores?

131 1648 366 1698 Exclusit
387 1666 400 1710 3
425 1654 665 1696 revocat:
693 1646 935 1696 redeam?
985 1647 1118 1706 Non,
1148 1647 1190 1694 si
1218 1647 1494 1695 obsecret.”
1565 1646 1697 1694 Ecce

132 1717 335 1775 Servus,
362 1731 465 1764 non
488 1716 640 1779 paulo
667 1715 973 1777 sapientior:
1014 1720 1040 1739 “
1061 1714 1104 1762 Ο
1131 1714 1264 1772 here,
1293 1729 1422 1778 quae
1449 1728 1530 1760 res
1602 1716 1696 1762 265

132 1783 240 1833 Nec
266 1784 471 1832 modum
497 1782 650 1831 habet
674 1798 836 1846 neque
862 1783 1146 1839 consilium,
1174 1782 1369 1829 ratione
1395 1782 1647 1844 modoque

132 1850 359 1901 Tractat-i
386 1866 488 1899 non
515 1850 634 1899 volt.
709 1850 771 1898 In
797 1866 967 1898 amore
995 1850 1118 1898 haec
1144 1855 1264 1896 sunt
1290 1849 1436 1904 mala,
1466 1849 1670 1907 bellum,

132 1918 243 1968 Pax
264 1934 495 1967 rursum:
536 1917 661 1966 haec
687 1918 727 1965 si
755 1919 870 1980 quis
896 1917 1219 1981 tempestatis
1244 1931 1399 1980 prope
1425 1917 1529 1964 ritu

132 1986 345 2035 Mobilia
369 1992 422 2035 et
446 2000 598 2035 caeca
624 1985 878 2033 fluitantia
903 1991 1039 2033 sorte
1066 1984 1263 2032 laboret

132 2053 367 2103 Reddere
393 2060 533 2102 certa
557 2054 672 2111 sibi,
700 2053 861 2100 nihilo
888 2053 1003 2117 plus
1029 2052 1247 2115 explicet
1274 2067 1333 2099 ac
1359 2052 1403 2099 si
1604 2053 1700 2102 270

131 2119 364 2170 Insanire
388 2127 534 2185 paret
562 2127 700 2169 certa
726 2121 921 2168 ratione
947 2121 1250 2183 modoque.”

132 2187 303 2250 Quid?
340 2204 469 2247 cum,
500 2189 703 2237 Picenis
727 2203 1003 2251 excerpens
1029 2187 1224 2235 semina
1247 2186 1427 2250 pomis,

132 2254 336 2305 Gaudes
361 2257 405 2304 si
430 2272 683 2304 cameram
710 2256 932 2319 percusti
959 2256 1103 2312 forte,
1132 2270 1286 2318 penes
1311 2260 1362 2303 te
1387 2253 1481 2302 es?

133 2322 305 2385 Quid?
342 2339 455 2372 cum
484 2324 635 2371 balba
660 2324 779 2371 feris
805 2339 999 2371 annoso
1027 2323 1181 2371 verba
1205 2323 1392 2385 palato,

130 2390 444 2439 Aedificante
471 2407 616 2439 casas
642 2392 723 2454 qui
754 2389 963 2439 sanior?
1037 2391 1186 2439 Adde
1213 2405 1440 2437 cruorem
1605 2384 1699 2434 275

133 2454 404 2516 Stultitiae‚
424 2465 575 2522 atque
594 2459 762 2521 ignem
783 2459 958 2521 gladio
977 2464 1214 2506 scrutare.
1275 2457 1446 2515 Modo,
1467 2456 1694 2517 inquam,

133 2523 348 2574 Hellade
375 2541 615 2589 percussa
642 2526 839 2573 Marius
866 2541 980 2573 cum
1008 2526 1314 2588 praecipitat
1340 2539 1408 2583 se,

133 2589 360 2641 Ceri-itus
385 2593 518 2642 fuit?
558 2609 622 2641 an
648 2599 933 2642 commotae
960 2593 1169 2640 crimine
1197 2592 1381 2639 mentis

132 2658 387 2709 Absolves
414 2660 685 2718 hominem,
712 2667 765 2708 et
790 2661 994 2708 sceleris
1019 2660 1289 2708 damnabis
1316 2658 1547 2716 eundem,

138 2725 211 2774 Ex
234 2742 369 2776 more
394 2729 659 2792 imponens
686 2735 907 2791 cognata
935 2728 1180 2775 vocabula
1205 2723 1393 2774 rebus?
1601 2722 1695 2771 280

214 2819 287 2856 246
308 2821 397 2857 sani
416 2825 473 2867 ut,
494 2822 582 2858 sani
689 2822 761 2859 247
781 2822 997 2871 plaustello
1102 2821 1173 2856 250
1196 2821 1251 2856 sic
1356 2819 1429 2854 255
1449 2817 1624 2854 cubitale

245 2871 319 2908 25⁹
338 2876 454 2922 optat
506 2873 575 2909 261
598 2873 815 2910 accersitus
868 2873 941 2908 262
963 2872 1122 2908 invisus
1177 2871 1248 2907 262
1270 2882 1318 2906 ne
1373 2869 1446 2905 262
1468 2870 1581 2905 vocet

420 2923 495 2960 27⁷
517 2923 595 2959 alii
613 2922 856 2971 dietinquune
875 2926 1052 2959 scrutare
1073 2922 1203 2967 modo,
1224 2921 1403 2971 inquam.
