1878 3054
543 615 604 680 Q.
648 614 933 668 HORATI
977 617 1252 669 FLAOOI
1343 647 1346 649 -

370 769 1417 847 EPISTVLARVM

656 948 858 990 LIBER
884 949 1133 989 PRIMVS

873 1200 914 1251 1.

114 1303 288 1355 Prima
311 1305 444 1355 dicte
467 1304 607 1366 mihi,
636 1320 840 1354 summa
863 1306 1074 1354 dicende
1102 1305 1345 1367 Camena,

114 1370 152 1423 Β
297 1378 407 1423 tum
432 1374 563 1422 satis
586 1378 639 1422 et
663 1374 910 1422 donatum
938 1375 1046 1435 jam
1072 1374 1196 1422 rude
1223 1374 1442 1437 quaeris,

174 1455 400 1503 woenas,
426 1441 614 1489 iterum
641 1441 856 1503 antiquo
880 1456 961 1488 me
986 1441 1244 1489 includere
1269 1442 1403 1491 lud0.

113 1505 232 1556 Non
254 1508 434 1557 eadem·
455 1514 536 1557 est
560 1513 719 1566 aetas,
747 1523 849 1555 non
874 1523 1031 1556 mens.
1106 1508 1369 1573 Veianius,
1399 1509 1556 1557 armis

115 1573 351 1624 Herculis
375 1575 441 1624 ad
464 1582 666 1639 postem
692 1575 818 1633 fixis,
847 1575 974 1635 latet
999 1575 1204 1624 abditus
1233 1592 1372 1639 agm,
1645 1572 1678 1622 5

112 1638 192 1691 Ne
213 1642 460 1707 populum
483 1648 713 1691 extrema
735 1643 927 1690 totiens
951 1647 1127 1690 exoret
1152 1659 1316 1691 arena.

113 1706 211 1758 Est
231 1708 357 1758 mihi
378 1715 654 1774 purgatam
681 1710 854 1758 crebro
880 1710 965 1772 qui
990 1716 1228 1772 personet
1253 1726 1453 1760 aurem:

115 1774 311 1826 “Solve
336 1783 686 1826 senescentem
712 1782 911 1824 mature
938 1792 1095 1824 sanus
1119 1794 1319 1841 equum,
1347 1794 1410 1826 ne

114 1841 296 1893 Pecoet
319 1844 383 1893 ad
408 1850 690 1893 extremum
715 1844 958 1892 ridendus
984 1851 1034 1892 et
1059 1845 1147 1892 ilia
1171 1846 1326 1894 ducat
1343 1845 1353 1894 !
1370 1848 1397 1873 ''

113 1908 263 1960 Nunc
284 1911 457 1976 itaque
483 1918 536 1961 et
561 1926 741 1960 versus
766 1915 819 1959 et
842 1916 1009 1959 cetera
1033 1912 1232 1960 ludicra
1255 1928 1389 1976 pono
1409 1931 1421 1975 3
1616 1910 1678 1956 10

113 1977 250 2041 Quid
267 1991 443 2028 verum
468 1985 621 2044 atque
646 1979 846 2039 decenS,
870 1994 988 2027 curo
1014 1984 1067 2027 et
1086 1995 1226 2043 rog0,
1248 1987 1301 2029 et
1326 1981 1492 2029 omnis
1513 1982 1564 2032 in
1586 1983 1680 2030 hoc

310 2061 453 2110 sum3

115 2109 291 2163 Gondo
314 2119 367 2163 et
390 2128 639 2179 compono
666 2129 796 2178 quae
822 2130 940 2163 mox
965 2115 1261 2178 depromere
1285 2116 1494 2180 possim.

113 2179 194 2229 Ac
215 2195 278 2230 ne
302 2181 430 2230 sorte
455 2197 607 2245 roges
633 2196 732 2246 quo
758 2198 838 2231 me
865 2183 1004 2241 duce,
1033 2198 1138 2246 quo
1164 2184 1268 2231 lare
1293 2191 1458 2232 tuter:

113 2245 319 2297 Nullius
344 2249 581 2299 addictus
610 2251 785 2312 jurare
812 2251 865 2297 in
891 2251 1046 2298 verba
1070 2252 1319 2313 magistri,

114 2313 228 2377 Quo
249 2330 329 2365 me
354 2331 567 2380 cumque
593 2317 728 2380 rapit
752 2323 1049 2381 tempestas,
1078 2318 1276 2366 deferor
1303 2319 1506 2382 hospes
1616 2328 1675 2375 15

113 2377 262 2431 Nunc
286 2384 438 2447 agilis
464 2383 528 2432 fio
552 2390 605 2432 et
630 2399 823 2432 mersor
846 2385 1081 2433 civilibus
1108 2386 1273 2446 undiS,

113 2445 335 2499 Virtutis
360 2467 509 2501 verae
537 2458 711 2501 custos
737 2453 1034 2516 rigidusque
1063 2454 1297 2515 satelles;

115 2512 264 2566 Nunc
286 2518 340 2567 in
367 2520 620 2586 Aristippi
648 2522 822 2569 furtim
849 2526 1121 2584 praecepta
1145 2521 1359 2579 relabor,

115 2580 187 2631 Et
207 2585 332 2635 mihi
358 2602 453 2647 res,
481 2605 581 2638 non
608 2606 688 2638 me
715 2591 881 2648 rebus,
911 2590 1216 2651 subjungere
1242 2604 1408 2637 conor.

115 2646 298 2715 Longa
320 2655 429 2704 dies
454 2663 511 2706 ut
536 2674 663 2721 opus
690 2659 1006 2714 debentibus,
1035 2664 1092 2705 ut
1116 2658 1257 2721 piger
1282 2672 1445 2704 annus
1614 2663 1676 2710 20

118 2714 331 2784 Pupinia
354 2738 482 2787 quos
506 2725 634 2775 dura
656 2727 844 2791 premit
869 2726 1102 2775 custodia
1125 2732 1357 2785 matrum,

801 2858 848 2894 20
868 2857 924 2892 nic
942 2855 986 2893 0.

1435 2920 1510 2961 191
