1878 3054
643 149 768 190 ms.
816 149 904 190 1v.
945 136 992 202 3,
1021 136 1059 192 4
1561 135 1643 191 97*

259 285 417 335 Illum
451 299 555 333 non
589 283 733 332 labor
768 282 1020 331 Isthmius

331 352 559 402 Clarabit·
582 350 824 413 pugilem,
853 365 956 398 non
980 365 1142 414 equus
1166 350 1387 415 impiger

262 420 430 470 Curru
465 419 617 467 ducet
652 417 883 467 Achaico
1598 424 1626 471 5

328 488 607 544 Victorem,
636 501 797 549 neque
823 501 906 533 res
930 485 1114 534 bellica
1140 486 1305 535 Deliis

262 554 515 604 Ornatum
550 553 686 601 foliis
723 554 918 611 ducem,

330 622 482 684 Quod
504 636 683 683 regum
708 621 936 670 tumidas
962 621 1253 669 contuderit
1276 621 1459 682 minas,

261 688 514 738 Ostendet
552 688 836 751 Capitolio:

330 756 431 806 Sed
457 771 586 820 quae
614 756 774 804 Tibur
800 771 962 819 aquae
988 756 1153 804 fertile
1178 756 1479 820 praefluunt,
1568 758 1628 805 10

263 823 336 872 Et
372 824 566 886 spissae
603 838 870 872 nemorum
906 839 1083 871 comae

331 891 557 954 Fingent
583 891 768 939 Aeolio
793 891 1016 939 carmine
1042 891 1278 940 nobilem.

262 958 462 1007 Romae
498 959 746 1022 principis
783 959 982 1006 urbium

330 1026 591 1089 Dignatur
615 1026 820 1074 suboles
847 1027 979 1074 inter
1005 1026 1253 1074 amabiles

262 1093 459 1143 Vatum
493 1108 681 1158 ponere
720 1109 800 1141 me
837 1094 1032 1152 chor-OS,
1565 1094 1624 1141 15

330 1161 400 1210 Et
426 1163 535 1224 jam
561 1162 713 1211 dente
741 1163 911 1209 minus
936 1161 1170 1209 mordeor
1192 1161 1380 1210 invido.
1431 1173 1433 1175 ’

262 1227 309 1278 Ο
345 1229 619 1279 testudinis
656 1243 839 1277 aureae

330 1297 545 1346 Dulcem
570 1312 702 1360 quae
729 1297 1014 1359 strepitum,
1044 1295 1195 1356 Pieri,
1223 1301 1496 1360 temperas,

265 1362 311 1413 O
346 1365 506 1413 mutis
541 1379 742 1428 quoque
780 1364 1008 1427 piscibus
1147 1422 1155 1430 ,

330 1431 600 1481 Donatura
625 1433 798 1495 cygni,
826 1432 871 1479 si
896 1432 1068 1490 libeat,
1096 1446 1294 1491 sonum,
1561 1430 1623 1477 20

263 1497 453 1547 Totum
489 1499 716 1548 muneris
754 1499 850 1548 hoc
885 1500 962 1547 tui
996 1504 1091 1556 est,

329 1565 480 1627 Quod
504 1572 762 1615 monstror
786 1567 950 1629 digito
975 1567 1411 1630 praetereuntium

261 1631 531 1683 Romanae
569 1633 748 1682 fidicen
786 1634 960 1697 lyrae3

330 1700 480 1763 Quod
506 1702 644 1766 spiro
667 1707 722 1751 et
748 1702 939 1765 place0,
967 1701 1011 1749 si
1036 1702 1225 1765 place0‚
1252 1706 1399 1750 tuum
1421 1707 1516 1751 est.

799 1889 894 1939 IV.

259 1992 476 2055 Qualem
501 1993 796 2043 ministrum
826 1995 1053 2043 fulminis
1079 1996 1271 2055 alitem,

260 2059 358 2110 Cui
383 2076 473 2109 rex
497 2061 708 2110 deorum
735 2078 951 2125 regnum
978 2064 1030 2110 in
1056 2078 1178 2111 aves
1205 2077 1368 2127 vagas

327 2128 571 2176 Permisit
604 2137 845 2194 expertus
883 2130 1080 2178 fidelem

394 2196 429 2245 J
436 2197 638 2260 uppiter
675 2197 726 2244 in
766 2197 1064 2261 Ganymede
1101 2197 1248 2257 flavo,

260 2260 398 2311 Olim
427 2264 671 2325 juventas
710 2270 763 2312 et
800 2265 998 2328 patrius
1035 2266 1183 2327 vigor
1585 2272 1614 2318 5

257 2327 396 2379 Nido
429 2330 660 2379 laborum
699 2332 926 2395 propulit
960 2333 1191 2392 inscium,

324 2396 581 2462 Vernique
609 2400 717 2461 jam
757 2401 946 2447 nimbis
982 2401 1192 2448 remotis

392 2465 639 2515 Insolitos
676 2468 891 2515 docuere
928 2467 1074 2515 nisus

257 2529 416 2579 Venti
452 2539 740 2595 paventem,
781 2550 899 2582 mox
935 2534 986 2582 in
1023 2535 1182 2582 ovilia

260 2595 487 2647 Demisit
524 2600 720 2649 bostem
762 2602 967 2650 vividus
1004 2602 1240 2665 impetus,
1557 2606 1614 2653 10

326 2664 476 2715 Nunc
511 2668 564 2715 in
600 2669 908 2717 reluctantes
944 2670 1192 2717 dracones

393 2734 517 2797 Egit
554 2751 695 2783 amor
732 2737 877 2799 dapis
914 2744 1066 2799 atquc
1102 2751 1336 2799 pugnac;

110 2859 135 2896 ὅ
152 2859 304 2898 Δοὴιίο
401 2865 448 2901 10
467 2866 673 2915 perfluunt
769 2867 816 2903 14
836 2866 991 2904 soboles
1088 2868 1111 2903 6
1131 2868 1302 2917 protulit
1399 2865 1419 2902 7
1441 2865 1576 2901 vernis

307 2928 408 2970 Hor.
435 2930 459 2969 7
