1846 3034
205 139 313 194 242
857 150 1099 191 Hossxrr

207 283 402 330 Verum
427 284 500 330 ita
523 284 722 343 risores,
748 285 823 332 ita
847 285 1199 332 commendare
1226 285 1426 334 dicaces
1673 291 1766 337 225

211 350 496 398 Conveniet
522 351 750 413 Satyros,
778 353 850 399 ita
877 358 1072 398 vertere
1099 351 1231 398 seria
1255 352 1390 410 ludo,

142 475 145 477 Δ
208 416 301 473 Ne,
330 417 632 479 quicumque
659 419 796 476 deus,
826 419 1127 480 quicumque
1155 419 1478 466 adhibebitur
1504 419 1666 479 heros,

209 484 395 545 Regali
421 491 722 545 conspectus
749 485 801 531 in
828 501 949 531 auro
977 500 1137 546 nuper
1162 491 1213 531 et
1239 492 1391 543 ostro,

209 551 404 612 Migret
429 551 479 597 in
507 552 747 598 obscuras
774 552 951 598 humili
979 567 1207 599 sermone
1233 553 1486 611 tabernas,

214 619 334 675 Aut,
364 619 483 664 dum
512 620 640 665 vitat
667 619 892 673 humum,
922 619 1080 665 nubes
1104 627 1156 665 et
1183 619 1353 667 inania
1381 625 1561 682 captet.
1670 624 1765 670 230

210 685 424 732 Effutire
451 685 588 731 leves
614 686 824 746 indigna
845 686 1134 746 ⁴Tragoedia
1161 701 1353 746 versus,

211 752 286 799 Ut
312 753 454 799 festis
480 758 712 799 matrona
737 752 927 813 moveri
943 755 1089 813 jussa
1115 754 1306 811 diebus,

154 877 159 881 ¹
208 820 449 867 Intererit
476 819 677 881 Satyris
702 820 909 882 paulum
936 821 1232 882 pudibunda
1255 821 1518 883 protervis.

277 886 393 933 Non
419 902 515 948 ego
542 887 776 934 inornata
800 892 851 933 et
876 887 1194 934 dominantia
1218 889 1423 935 nomina
1447 889 1610 936 solum

209 953 496 1016 Verbaque,
525 954 754 1010 Pisones,
785 954 1083 1016 Satyrorum
1109 955 1321 1017 scriptor
1347 954 1555 1016 amab03
1671 958 1765 1004 235

207 1021 258 1068 N
262 1037 316 1068 ec
343 1022 414 1068 sic
438 1022 602 1068 enitar
625 1022 817 1083 tragico
844 1021 1038 1068 differre
1065 1022 1231 1079 colori,

210 1088 284 1135 Ut
310 1089 435 1135 nihil
463 1089 662 1135 intersit
690 1089 932 1134 Davusne
960 1088 1194 1150 loquatur
1218 1093 1269 1136 et
1295 1089 1462 1136 audax

159 1205 161 1209 ,
209 1155 447 1218 Pythias,
474 1161 708 1202 emuncto
734 1155 929 1202 lucrata
957 1155 1160 1203 Simone
1186 1157 1451 1214 talentum,

208 1223 297 1269 An
321 1228 492 1270 custos
519 1222 840 1284 famulusque
866 1222 942 1268 dei
974 1222 1176 1270 Silenus
1204 1223 1407 1270 alumni.
1750 1267 1755 1271 .

152 1322 154 1324 ψ
207 1289 290 1336 Ex
315 1296 432 1337 noto
459 1290 629 1336 fictum
655 1305 855 1336 carmen
882 1304 1077 1351 sequar,
1105 1295 1162 1337 ut
1187 1290 1282 1337 sibi
1308 1290 1476 1352 quivis
1669 1293 1765 1339 240

209 1355 387 1419 Speret
412 1358 559 1414 idem,
589 1357 737 1403 sudet
762 1357 976 1402 multum
1001 1357 1286 1419 frustraque
1312 1357 1507 1403 laboret

207 1423 386 1471 Ausus
412 1425 545 1471 idem
569 1441 579 1470 ε
617 1429 817 1470 tantum
846 1423 1000 1469 series
1017 1425 1353 1486 juncturaque
1379 1422 1550 1485 pollet,

208 1491 429 1538 Tantum
455 1492 515 1538 de
541 1491 707 1537 medio
734 1490 953 1551 sumptis
979 1491 1172 1538 accedit
1198 1490 1416 1537 honoris.

207 1557 365 1606 Silvis
390 1558 594 1605 deducti
620 1563 846 1615 caveant,
875 1573 953 1604 me
971 1558 1153 1618 judice,
1181 1557 1359 1616 Fauni,
1406 1558 1413 1566 '

128 1680 131 1682 v
205 1625 301 1684 Ne,
330 1625 483 1683 velut
494 1625 655 1671 innati
681 1625 848 1671 triviis
874 1640 930 1671 ac
955 1640 1115 1686 paene
1142 1625 1380 1683 forenses,
1670 1626 1763 1672 245

145 1738 149 1742 .
204 1664 315 1740 Au't
339 1692 550 1738 nimium
577 1692 765 1738 teneris
780 1693 1091 1755 Juvenentur
1115 1692 1344 1738 versibus
1370 1706 1627 1752 umquam,
1680 1709 1688 1727 ε
1719 1711 1722 1713 ’

144 1763 147 1766 “
204 1759 316 1806 Aut
339 1759 599 1815 immunda
624 1764 829 1835 crepent
853 1759 1290 1820 ignominiosaque
1317 1759 1481 1818 dicta3
1530 1770 1638 1829 μ
1610 1767 1634 1794 ¹
1639 1765 1718 1804 3
1698 1767 1765 1796 'x'

140 1887 141 1890 Ἴ
206 1825 541 1873 Offenduntur
563 1826 697 1872 enim
725 1826 910 1902 quibus
934 1830 1014 1872 est
1037 1840 1213 1888 equus
1222 1830 1275 1872 et
1299 1830 1446 1902 pater
1470 1829 1522 1871 et
1546 1838 1642 1882 res,

137 1896 142 1953 ’ᾖ
202 1892 253 1939 N
256 1908 325 1949 ec
354 1893 397 1939 si
422 1893 540 1969 quid
567 1893 699 1939 fricti
725 1893 899 1939 ciceris
922 1893 1105 1955 probat
1129 1897 1182 1939 et
1205 1893 1348 1938 nucis
1371 1896 1582 1954 emptor,

140 1958 143 1976 ³
203 1959 402 2022 Aequis
428 1960 684 2022 accipiunt
710 1959 892 2006 animis
917 1960 1171 2006 donantve
1197 1974 1394 2006 corona.
1435 1963 1451 1981 ·
1666 1958 1760 2026 250
1807 1980 1809 1983 ·

272 2092 482 2156 Syllaba
505 2094 659 2154 longa
683 2092 821 2139 brevi
851 2093 1077 2170 subjecta
1102 2097 1313 2140 vocatur
1337 2091 1553 2150 iambus,

205 2159 305 2206 Pes
311 2161 489 2229 citus3
525 2162 658 2207 unde
684 2161 839 2230 etiam
866 2146 1109 2206 trimetris
1135 2175 1246 2207 acer
1280 2174 1414 2206 scere
1432 2158 1589 2220 Jussit

201 2208 403 2273 Nomen
429 2228 656 2285 iambeiS,
686 2243 798 2274 curn
825 2242 974 2273 senos
995 2199 1231 2273 {edderet
1277 2231 1389 2274 ctus

204 2293 407 2340 Primus
434 2295 498 2340 ad
522 2288 801 2340 extremum
831 2294 1011 2340 similis
1038 2294 1165 2341 sibi:
1203 2308 1304 2340 non
1329 2293 1401 2339 ita
1423 2291 1634 2354 pridem,

203 2360 414 2407 Tardior
438 2366 494 2407 ut
518 2362 667 2421 paulo
695 2361 998 2422 graviorque
1026 2360 1219 2407 veniret
1245 2360 1307 2406 ad
1335 2373 1496 2418 aures,
1663 2357 1758 2404 255

203 2426 463 2489 Spondeos
489 2427 734 2474 stabiles
722 2442 772 2473 1n
791 2429 906 2487 J‘ura
931 2432 1144 2488 paterna
1168 2427 1367 2487 recepit,

202 2493 512 2540 Commodus
537 2501 588 2540 et
613 2485 827 2555 patiens,
855 2509 957 2540 non
983 2499 1040 2540 ut
1064 2494 1126 2540 de
1153 2494 1269 2540 sede
1296 2491 1521 2540 secunda

202 2560 415 2607 Cederet
441 2566 529 2607 aut
553 2568 734 2622 quarta
759 2561 1023 2607 socialiter.
1098 2561 1198 2607 Hic
1224 2566 1274 2607 et
1298 2560 1350 2605 in
1376 2559 1502 2605 Acci

200 2626 472 2674 Nobilibus
497 2628 741 2673 trimetris
768 2632 978 2688 apparet
1002 2642 1160 2684 rarus,
1187 2631 1238 2673 et
1263 2625 1434 2674 Enni·

197 2693 261 2739 In
287 2709 519 2741 scaenam
543 2687 731 2791 missbi
754 2709 867 2762 pum
892 2709 1078 2755 magno
1101 2693 1319 2756 pondere
1347 2705 1523 2738 versus
1649 2691 1747 2737 260

733 2766 761 2796 4]
1596 2791 1601 2801 ‹
1623 2796 1625 2800 Α

196 2825 270 2861 226
289 2825 502 2862 conveniat
588 2825 660 2861 230
676 2758 782 2860 {vitet
870 2823 943 2860 237
964 2835 1015 2859 an
1035 2824 1170 2860 audax
1216 2824 1288 2859 243
1310 2823 1469 2859 accedet
1545 2818 1759 2862 2Uffl

485 2876 559 2912 258
578 2875 667 2911 Atti
687 2874 853 2910 editores
872 2873 1032 2922 quidam
1132 2874 1206 2910 260
1226 2884 1373 2920 magno
1392 2883 1482 2909 cum
