1846 3034
181 168 286 219 222
587 183 829 224 HORA'rI
871 185 1320 230 EPIsrvnAssvu

183 312 323 373 Quas
348 313 425 360 bis
451 315 668 378 quinque
695 317 789 364 viri
814 325 1103 380 sanxerunt,
1131 321 1333 371 foedera
1357 340 1536 388 regum

180 378 278 426 Vel
306 381 484 428 Gabiis
511 383 590 429 vel
617 399 731 430 cum
757 385 937 446 rigidis
964 395 1181 450 aequata
1207 390 1422 451 Sabinis,
1671 398 1733 446 25

179 445 482 495 Pontificum
507 449 675 508 libros,
704 467 896 499 annosa
923 453 1182 502 volumina
1208 463 1398 518 vatum,

177 513 392 562 Dictitet
422 516 622 563 Albano
648 517 829 565 Musas
856 520 907 565 in
933 528 1103 568 monte
1130 522 1338 572 locutas.
1415 554 1428 563 ·

178 581 246 640 Si,
274 583 390 645 quia
418 583 726 631 Graecorum
756 592 875 633 sunt
902 588 1257 649 antiquissima
1282 607 1510 657 quaeque

179 649 377 713 Scripta
404 650 483 697 vel
509 651 715 713 optima,
747 652 969 700 Romani
996 666 1276 717 pensantur
1299 661 1472 708 eadem

177 716 461 780 Scriptores
487 719 691 777 trutina,
722 734 822 766 non
848 725 927 767 est
953 723 1087 783 quod
1114 725 1277 773 multa
1303 726 1597 790 loquamur:
1669 734 1732 780 30

172 783 259 831 Nil
284 785 418 832 iutra
442 790 521 833 est
546 785 723 845 oleam,
753 786 824 833 nil
851 794 995 835 extra
1020 794 1099 837 est
1123 791 1175 838 in
1201 807 1324 841 nuce
1350 787 1491 842 duri·

173 850 423 900 Venimus
450 842 513 900 ad
540 868 792 901 summum
822 854 1082 918 fortunae;
1118 858 1374 922 pingimus
1401 833 1552 926 atq'ue

174 918 452 967 Psallimus
477 926 527 968 et
553 921 802 968 luctamur
828 921 1046 970 Achivis
1073 924 1267 974 doctius
1292 930 1472 978 unctis.

175 986 229 1033 Si
255 988 460 1034 meliora
485 989 607 1046 dieS,
636 996 693 1036 ut
721 989 852 1048 vina,
883 995 1122 1053 poemata
1144 994 1325 1053 reddit,

174 1053 311 1101 Scire
338 1055 487 1102 velim
515 1056 704 1103 chartis
729 1058 951 1120 pretium
980 1065 1165 1121 quotus
1191 1068 1394 1124 arroget
1418 1079 1594 1114 annus.
1668 1068 1730 1115 35

174 1120 400 1184 Scriptor
426 1123 608 1170 abhinc
635 1140 796 1171 annos
825 1131 1027 1172 centum
1055 1127 1139 1188 qui
1166 1127 1366 1189 decidit,
1395 1131 1525 1180 inter

171 1187 428 1236 Perfectos
456 1196 751 1253 veteresque
782 1191 953 1239 referri
981 1193 1143 1251 debet,
1172 1209 1236 1242 an
1261 1196 1393 1244 inter

168 1253 313 1302 Viles
340 1262 491 1319 atque
518 1257 716 1306 novos?
794 1259 1048 1307 Excludat
1064 1261 1234 1323 jurgia
1257 1262 1398 1312 finis!

170 1325 199 1346 ‘⁴
219 1321 316 1370 Est
341 1331 488 1371 vetus
514 1331 663 1388 atque
691 1326 896 1388 probus,
925 1339 1126 1374 cent-um
1154 1330 1239 1391 qui
1264 1331 1459 1392 perficit
1483 1336 1694 1382 ann08.''

171 1388 321 1450 Quid,
349 1391 435 1453 qui
460 1391 674 1455 deperiit
705 1394 870 1441 minor
894 1409 995 1441 uno
1020 1408 1193 1443 mense
1219 1397 1298 1444 vel
1324 1413 1472 1458 anno,
1668 1404 1731 1450 40

167 1455 310 1505 Inter
334 1473 462 1521 quos
487 1460 783 1508 referendus
811 1459 937 1509 erit?
977 1467 1238 1510 veteresne
1262 1470 1452 1526 poetas,

166 1525 253 1573 An
278 1540 404 1588 quos
428 1530 480 1573 et
503 1542 744 1589 praesens
772 1533 823 1575 et
847 1533 1050 1590 postera
1073 1536 1279 1592 respuat
1303 1531 1482 1581 aetas?

168 1596 196 1616 ‘⁶
214 1592 320 1640 Iste
347 1594 551 1656 quidem
578 1600 776 1642 veteres
804 1595 936 1642 inter
959 1601 1177 1658 ponetur
1201 1596 1426 1656 honeste,

169 1660 268 1720 Qui
295 1661 373 1707 vel
399 1677 571 1708 mense
598 1661 740 1709 brevi
770 1662 851 1709 vel
876 1667 986 1709 toto
1011 1668 1090 1710 est
1104 1664 1277 1724 junior
1301 1668 1484 1714 anno.'’

167 1725 300 1774 Utor
323 1729 584 1791 permisso,
612 1730 903 1792 caudaeque
928 1727 1060 1792 pilos
1086 1736 1143 1777 ut
1166 1731 1379 1793 equinae
1667 1736 1730 1783 45

168 1793 426 1842 Paulatim
453 1796 585 1842 vello
610 1801 662 1843 et
690 1796 835 1843 demo
863 1810 1033 1854 unum,
1060 1797 1206 1844 demo
1232 1798 1386 1846 etiam
1411 1814 1583 1860 unum,

169 1861 305 1909 Dum
331 1863 493 1921 cadat,
521 1864 694 1911 elusus
722 1864 919 1911 ratione
946 1864 1139 1911 ruentis
1166 1866 1348 1924 acervi,

170 1929 268 1990 Qui
291 1931 422 1978 redit
448 1930 500 1976 in
525 1931 685 1978 fastos
712 1936 764 1978 et
791 1931 1030 1978 virtutem
1058 1932 1297 1979 aestimat
1322 1933 1484 1994 annis,

167 1995 483 2060 Miraturque
511 1998 634 2045 nihil
660 1999 758 2045 nisi
787 1998 920 2060 quod
948 1997 1178 2045 Libitina
1202 2001 1435 2048 sacravit.

168 2062 378 2122 Ennius,
406 2070 457 2112 et
483 2066 686 2127 sapiens
713 2071 765 2112 et
791 2065 935 2111 fortis
959 2070 1011 2112 et
1036 2065 1163 2112 alter
1188 2065 1458 2126 Homerus,
1664 2070 1728 2117 50

168 2129 243 2178 Ut
267 2132 425 2178 critici
453 2133 641 2189 dicunt,
672 2133 852 2179 leviter
877 2147 1050 2179 curare
1076 2133 1276 2180 videtur

170 2198 282 2258 Quo
306 2199 554 2261 promissa
578 2199 762 2246 cadant
786 2205 837 2245 et
863 2199 1057 2246 somnia
1084 2198 1427 2261 Pythagorea.

166 2263 395 2312 Naevius
419 2266 469 2312 in
494 2266 726 2313 manibus
752 2281 850 2312 non
878 2270 957 2313 est
981 2271 1032 2312 et
1057 2266 1311 2313 mentibus
1337 2267 1511 2314 haeret

168 2331 336 2379 Paene
362 2331 572 2380 recens?
644 2333 791 2380 Adeo
818 2337 1051 2379 sanctum
1077 2338 1157 2380 est
1183 2338 1331 2380 vetus
1357 2349 1504 2381 omne
1527 2340 1721 2397 poema.

167 2398 465 2461 Ambigitur
490 2400 723 2461 quotiens
749 2405 860 2446 uter
886 2405 999 2446 utro
1026 2400 1092 2447 sit
1116 2400 1264 2462 prior,
1294 2400 1458 2447 aufert
1659 2403 1721 2449 55

168 2465 424 2513 Pacuvius
449 2466 583 2513 docti
609 2467 794 2512 famam
823 2467 973 2523 senis,
1002 2467 1189 2514 Accius
1215 2467 1320 2524 alti,

167 2532 367 2579 Dicitur
392 2533 575 2579 Afrani
599 2539 721 2593 toga
746 2534 1043 2580 convenisse
1072 2534 1370 2591 Menandro,

168 2598 383 2645 Plautus
410 2600 474 2646 ad
499 2599 754 2661 exemplar
782 2599 934 2646 Siculi
961 2615 1228 2662 properare
1255 2599 1566 2661 Epicharmi,

166 2664 382 2712 Vincere
411 2666 662 2713 Caecilius
688 2666 956 2727 gravitate,
987 2666 1251 2713 Terentius
1277 2671 1397 2714 arte.

167 2730 281 2779 Hos
306 2732 485 2779 ediscit
509 2737 560 2779 et
587 2732 679 2779 hos
706 2737 816 2779 arto
842 2732 1034 2793 stipata
1058 2732 1257 2779 theatro
1660 2735 1722 2780 60

214 2861 263 2896 28
285 2861 495 2897 Graiorum
560 2861 607 2897 29
627 2863 846 2910 pensentur
914 2860 961 2897 3⁷
980 2863 1185 2897 veteresne
1254 2862 1302 2897 42
1322 2862 1489 2911 respuit,
1510 2863 1672 2910 respuet

539 2911 587 2946 46
607 2916 647 2946 et
665 2911 761 2946 item
863 2910 910 2948 47
930 2911 1045 2946 cadet
1148 2912 1195 2947 56
1214 2911 1352 2947 Attius
