1878 3054
185 141 254 193 92

649 151 889 190 HORA'H
934 151 1279 191 CARMINVM

454 283 585 333 Cum
609 299 732 345 pace
759 283 1042 330 delabentis
1069 282 1344 331 Etruscum

521 351 583 398 In
608 366 759 409 mare,
788 365 922 397 nunc
949 349 1144 412 lapides
1169 351 1351 398 adesos

390 417 684 480 Stirpesque
711 423 884 479 raptas
910 421 962 464 et
987 431 1141 479 pecus
1164 422 1217 464 et
1240 417 1421 466 domos

386 484 660 532 Volventis
686 499 798 540 una,
829 498 930 530 non
959 483 1065 530 sine
1091 483 1340 531 montium

457 551 688 600 Clamore
725 551 1023 612 vicinaeque
1061 550 1233 609 silvae,

520 618 650 666 Cum
687 618 790 664 fera
828 617 1046 664 diluvies
1083 617 1283 680 quietos

385 685 563 734 Irritat
588 699 774 731 amnes,
851 684 944 731 Ille
970 689 1152 746 potens
1178 685 1256 732 sui

386 752 676 814 Laetusque
702 751 869 812 deget,
900 751 979 799 cui
1006 751 1124 799 licet
1147 751 1200 799 in
1224 751 1361 800 diem

453 818 656 867 Dixisse
695 823 721 842 “
745 818 896 865 Vixi:
935 832 1046 865 cras
1083 818 1163 866 vel
1201 824 1312 866 atra

519 884 666 931 Nube
692 885 863 947 polum
893 884 1045 932 Pater
1069 890 1330 948 occupato,

383 951 481 998 Vel
508 951 610 998 sole
634 966 790 1014 pur03
829 967 929 999 non
955 956 1129 999 tamen
1154 952 1370 1011 irritum,

386 1018 709 1080 Quodcumqi
728 1034 750 1065 e
777 1023 911 1065 retro
939 1023 1031 1075 est,
1058 1018 1250 1078 efficiet,
1277 1034 1440 1082 neque

452 1085 696 1146 Diffinget
723 1085 1062 1147 infectumque
1089 1085 1267 1133 reddet

520 1152 667 1212 Quod
694 1152 897 1214 fugiens
926 1152 1082 1199 semel
1109 1152 1232 1200 hora
1257 1152 1448 1201 vexit.‘’

386 1217 628 1271 Fortuna,
656 1233 808 1265 saevo
837 1219 975 1265 laeta
999 1219 1204 1281 negotio
1230 1225 1282 1267 et

384 1284 584 1332 Ludum
612 1285 913 1333 insolentem
942 1285 1114 1333 ludere
1139 1287 1385 1348 pertinax,

453 1352 785 1399 Transmutat
810 1353 1033 1399 incertos
1060 1351 1288 1411 honores,

519 1417 568 1466 N
573 1434 670 1465 unc
695 1419 831 1477 mihi,
862 1434 997 1465 nunc
1023 1419 1110 1466 alii
1134 1419 1365 1482 benigna.

386 1484 565 1534 Laudo
590 1491 881 1533 manentem
903 1503 915 1546 3
954 1486 996 1533 si
1023 1486 1208 1534 celeres
1233 1486 1399 1549 quatit

385 1552 605 1610 Pennas,
632 1553 835 1615 resigno
865 1568 993 1616 quae
1019 1553 1174 1612 dedit,
1200 1558 1252 1601 et
1277 1569 1392 1601 mea

457 1619 664 1667 Virtute
690 1634 769 1667 me
795 1620 845 1667 in
854 1619 1356 1684 volvo„probamque

519 1686 824 1749 Pauperiem
852 1687 960 1734 sine
987 1687 1104 1735 dote
1129 1701 1328 1750 quaero.

382 1753 503 1802 Non
527 1758 606 1801 est
629 1768 814 1812 meum,
845 1754 887 1800 si
913 1754 1112 1816 mugiat
1137 1753 1328 1802 Africis

382 1819 556 1869 Malus
580 1820 826 1882 procellis,
856 1821 919 1868 ad
945 1821 1160 1869 miseras
1185 1835 1358 1884 preces

451 1887 741 1946 Decurrere,
780 1892 832 1935 et
869 1887 1005 1935 votis
1038 1887 1241 1951 pacisci,

518 1953 595 2000 Ne
624 1953 844 2016 Cypriae
877 1954 1163 2017 Tyriaeque
1187 1969 1379 2016 merces

383 2018 598 2067 Addant
634 2035 789 2067 avaro
825 2021 1039 2068 divitias
1074 2021 1231 2069 mari:
1267 2020 1270 2023 ’

383 2085 514 2134 Tum
541 2101 620 2133 me
646 2087 854 2134 biremis
878 2087 1132 2148 praesidio
1159 2086 1378 2150 scaphae

451 2152 640 2200 Tutum
665 2167 755 2214 per
780 2153 1020 2215 Aegaeos
1043 2154 1294 2201 tumultus

517 2219 663 2267 Aura
686 2220 811 2267 feret
835 2220 1168 2283 geminusque
1195 2220 1393 2269 Pollux

871 2392 1054 2442 ΧΧΧ.

1193 2449 1253 2481 0⁷¹¹
1315 2468 1326 2477 ν
1357 2459 1374 2466 ‘

280 2484 295 2537 ζ
352 2514 354 2516 ’
378 2446 546 2625 Ἐχῖἓί
571 2460 973 2625 monumexgkutfs
985 2511 1097 2544 aere
1120 2473 1406 2560 pereinniuS,

381 2564 461 2612 Re
503 2563 669 2625 alique
697 2563 798 2611 situ
858 2564 1151 2625 yramidum
1179 2564 1348 2623 altius,

382 2630 530 2691 Quod
555 2645 656 2677 non
681 2629 842 2677 imber
866 2631 1008 2688 edax,
1037 2646 1138 2678 non
1165 2630 1356 2693 Aquilo
1381 2631 1635 2696 impotens

381 2697 554 2744 Possit
580 2697 792 2755 diruere,
821 2702 910 2743 aut
936 2696 1319 2744 innumerabilis

1683 291 1742 338 35

1686 625 1745 669 40

1682 958 1742 1003 45

1680 1292 1743 1338 50

1687 1626 1750 1672 55

1693 1953 1749 1998 60

215 2839 262 2877 3⁹1
282 2849 422 2875 comus
442 2836 604 2875 Ser-uiue
623 2836 678 2873 ad
696 2834 794 2874 Aen.
814 2837 873 2874 iii.
895 2837 956 2874 94.
1027 2837 1076 2873 42
1095 2836 1206 2884 degit
1275 2837 1322 2873 60
1343 2837 1483 2885 Syriae
1553 2839 1600 2876 62
1618 2841 1715 2876 tuno
